2775 4792
101 462 106 559 l
156 468 433 547 anssnrn
456 462 681 541 Eetr'osr's
705 485 856 541 ntvru.
875 463 1118 546 lustinus.
1152 466 1203 566 '35

102 574 106 719 s
135 633 304 707 civilibus
325 631 445 705 omnia
461 629 629 703 omnibus
650 629 774 701 voluit
789 628 861 702 eise
875 634 1089 706 commonia.
1114 675 1117 679 ·
1139 632 1203 709 De

103 762 106 821 ι,
135 732 361 831 patrimoniis
386 731 578 802 tolerabile
600 727 673 823 est,
706 731 793 801 lieet
813 730 855 801 sit
878 730 1059 822 injustum.
1116 731 1203 808 Nec

104 826 108 921 ζ
136 833 233 907 enim
252 846 313 903 aut
334 828 458 903 obesse
482 829 647 921 cuiquam
665 828 797 919 debet,
824 827 923 903 sisua
939 831 1108 923 industria
1120 835 1203 928 plus

135 933 270 1023 habet,
297 942 360 1001 aut
380 926 565 1025 prodesse,
580 929 616 1001 'si
639 926 699 1002 sua
725 932 830 1022 culpa
852 932 980 1005 minus.
1038 931 1134 1022 Sed,
1157 946 1203 1007 ot

110 1056 114 1123 ζ
135 1033 231 1122 dixi,
257 1027 379 1123 potest
400 1029 522 1120 aliquo
543 1029 656 1101 modo
678 1029 775 1103 ferri.
826 1028 992 1102 Etiamne
1010 1033 1202 1128 conjuges,
1309 1062 1311 1067 ¹

136 1131 294 1206 etiamne
307 1129 411 1200 liberi
432 1149 640 1203 communes
660 1125 797 1200 erunt?
822 1126 862 1200 N
864 1150 912 1200 on
934 1130 1004 1202 erit
1024 1128 1209 1236 sanguinis

134 1225 209 1305 ulla'
225 1226 423 1323 distinffio,
449 1249 520 1301 nec
538 1250 650 1324 genus
667 1242 831 1318 certum,
857 1251 927 1302 nec
948 1230 1107 1322 familiae,
1133 1253 1206 1305 nec

114 1348 116 1353 ·
135 1330 404 1428 cognationes,
437 1348 506 1401 nec
528 1324 744 1416 affinitates;
778 1326 838 1400 sed
860 1328 950 1400 sicut
973 1333 1010 1403 in
1034 1333 1205 1427 gregibus

112 1428 318 1526 ‘pecudum
343 1424 490 1500 confusa
512 1428 546 1501 u
569 1424 760 1500 indiscreta
779 1429 926 1519 omnia,
953 1431 1051 1501 nulla
1074 1434 1143 1504 erit
1163 1433 1205 1505 in

134 1532 228 1603 viris
251 1528 494 1616 continentia,
527 1529 624 1600 nulla
643 1527 680 1599 in
704 1526 855 1601 foeminis
877 1527 1075 1619 pudicitia?
1109 1533 1204 1628 Quis

122 1628 210 1705 'effe
236 1627 274 1699 in
298 1628 460 1719 utrisque
488 1646 589 1699 amor
619 1628 816 1722 conjugalis
844 1625 986 1719 potest,
1011 1631 1203 1718 inquibus

134 1749 216 1805 non
241 1725 291 1800 est
314 1742 435 1800 certus
467 1743 527 1799 aut
550 1731 718 1826 proprius
741 1725 920 1800 affetlus?
958 1731 1051 1826 Quis
1075 1730 1145 1801 erit
1165 1731 1206 1804 in

129 1906 131 1911 ,
163 1846 277 1903 atrem
298 1827 399 1921 pius,
435 1828 605 1923 ignorans
624 1828 722 1900 unde
746 1825 938 1900 situatas?
979 1832 1071 1921 Quis
1090 1827 1206 1909 filium

137 1850 283 2023 diliget,
308 1922 417 2017 q'uem
438 1930 579 2018 putabit
597 1925 777 2001 alienum?
804 1929 905 2025 Quin
926 1929 1032 1998 etiam
1052 1928 1204 2002 foeminis

139 2031 274 2102 curiam
295 2021 514 2117 reservavit,
548 2027 730 2118 militiam,
765 2025 1060 2119 Magistratus,
1088 2028 1122 2099 ἃ
1143 2030 1207 2101 im·

139 2130 240 2221 peria
262 2124 430 2217 permisit.
490 2126 635 2219 Quanta
660 2126 731 2197 erit
752 2125 942 2198 infelicitas
966 2128 1067 2198 urbis
1092 2129 1205 2220 illius,

133 2228 175 2301 in
204 2220 271 2316 qua
303 2226 463 2297 virorum
494 2223 612 2299 officia
637 2225 805 2299 mulieres
831 2224 1097 2318 occupabunt?
1133 2226 1206 2301 Sed

108 2398 110 2405 .
140 2326 218 2402 haec
238 2325 451 2400 aliaslatius.

108 2504 110 2509 ,
215 2424 319 2498 Zeno
340 2423 547 2498 Stoicorum
568 2421 753 2520 magister,
788 2424 848 2514 qui
870 2424 1044 2498 virtutem
1067 2426 1206 2520 laudat,
1296 2516 1299 2521 Ι

140 2523 441 2615 misericordiam,
465 2545 542 2614 quae
557 2521 687 2597 summa
704 2523 754 2596 est
773 2525 910 2616 virtus,
928 2536 1097 2616 tanquam
1112 2548 1209 2602 mor·
1287 2518 1292 2527 '

140 2625 227 2700 bum
247 2625 350 2696 animi
369 2624 616 2714 amputandam
636 2624 840 2715 judicavit,
867 2644 945 2715 qne
965 2623 1101 2698 &Deo
1124 2646 1209 2700 cara

135 2724 216 2814 est,
230 2728 274 2795 dr
288 2722 494 2794 hominibus
509 2720 710 2796 necessaria.
763 2723 855 2818 Quis
872 2721 924 2793 est
939 2725 1052 2800 enim,
1072 2728 1132 2814 qui
1149 2725 1211 2795 ali-

144 2825 273 2917 quoin
290 2822 386 2894 malo
404 2820 618 2893 constitutus
635 2820 730 2892 nolit
745 2818 814 2892 eise
831 2820 1054 2916 miserabilis,
1077 2844 1211 2898 acuon

144 2923 321 2999 desideret
338 2922 467 2993 auxilia
483 2918 787 3009 succurrentium,
812 2941 890 3012 qua
906 2919 949 2992 ad
966 2942 1076 3014 opem
1089 2924 1211 2996 seren-

145 3025 227 3099 dam
248 3043 323 3094 non
345 3021 408 3094 nist
424 3017 673 3094 misericordie
693 3019 822 3109 affetiu
836 3023 1051 3098 excitantur.
1103 3024 1214 3096 Hane

144 3124 208 3198 ille
232 3123 319 3195 licet
344 3120 624 3211 humanitatem,
656 3120 743 3192 licet
764 3123 936 3213 pietatem
959 3137 1099 3214 vocet,
1133 3144 1212 3197 non

145 3242 244 3315 rem,
269 3219 328 3295 sed
343 3242 476 3294 nomen
492 3223 667 3294 immutat.
719 3220 792 3292 Hic
805 3218 860 3291 eil
871 3218 1039 3313 affectus,
1067 3223 1127 3313 qui
1144 3221 1213 3295 soli

145 3323 286 3398 bomini
304 3321 406 3394 datus
433 3319 505 3412 est,
538 3333 581 3392 ut
602 3319 883 3392 imbecillitatem
905 3320 1060 3394 nostram
1078 3323 1212 3396 mutuis
1243 3367 1251 3377 ι

146 3421 360 3516 adiumentis
373 3421 595 3509 levaremus;
620 3440 726 3511 quem
740 3421 800 3511 qui
812 3420 931 3511 tollit,
957 3421 1001 3492 ad
1015 3421 1126 3495 vitam
1140 3439 1239 3515 nos,

146 3521 278 3619 redigit
290 3521 501 3596 belluarum.
551 3520 670 3612 Nam,
697 3519 797 3610 quod
817 3519 903 3591 dicit
922 3521 1019 3612 paria
1038 3519 1108 3593 else
1129 3538 1214 3612 pec·

148 3626 253 3712 cata',
286 3641 333 3694 ex
355 3621 479 3694 eadem
498 3619 718 3693 immanitate
741 3618 814 3711 est,
841 3640 908 3711 qua
930 3619 1214 3695 misericordiam

147 3723 268 3796 veluti
292 3721 460 3794 morbum
484 3717 683 3795 insectatur.
747 3719 821 3817 Qui
846 3722 938 3793 enim
965 3720 1098 3792 nullam
1123 3720 1214 3794 iacit

148 3819 390 3897 differentiam
414 3808 649 3913 dellslorum,
674 3832 738 3892 aut
756 3820 853 3891 levia
874 3820 1011 3912 magnis
1032 3815 1214 3913 suppliciis

150 3916 337 3997 afficienda
352 3918 493 4012 censet,
521 3918 619 4012 quod
642 3919 693 3992 est
714 3919 867 3992 crudelis
884 3917 1033 4013 judicis,
1060 3936 1121 3992 aut
1137 3939 1215 4013 gra-

152 4022 214 4095 via
224 4018 381 4114 parvis,
407 4020 505 4114 quod
526 4018 578 4093 est
594 4018 772 4110 diffoluti,
797 4034 991 4121 utrumque
1007 4019 1227 4112 reipubl'tca

90 4060 130 4375 )
153 4118 433 4201 incommodum.
458 4116 494 4197 st
510 4119 604 4203 enim
622 4117 761 4199 summa
775 4112 1257 4211 sceleraleu'tterpuman·

684 4220 721 4305 C
745 4246 772 4305 2
1133 4228 1234 4308 ma

122 4416 183 4487 su
406 4426 410 4433 ·
590 4396 600 4441 ⁸
