2775 4792
180 432 229 490 to
249 408 523 486 Lucrasrrr
546 401 768 481 Etnruria
789 424 940 483 urm.
964 404 1223 491 Insaruua'.

181 572 341 666 habent,
364 570 490 663 quibus
516 564 781 649 succedentium
799 566 866 639 libi
885 580 1093 660 temporum
1111 560 1251 649 viciffia
1272 566 1277 579 '

180 672 323 747 sudines
339 666 608 744 constantissime
626 663 782 740 servant.
830 665 921 738 Non
938 666 990 739 est
1004 670 1112 764 igitur
1126 673 1168 743 in
1186 672 1248 747 his

180 770 409 845 voluntarius
426 783 568 859 motus,
593 768 676 857 quia
691 764 891 861 prostitutis
908 766 1045 861 legibus
1056 764 1244 866 serviunt,

180 890 267 947 uon
280 871 432 965 proprio
451 868 574 957 utique
590 864 711 955 seusu,
735 863 795 937 sed
810 861 959 957 opificio
975 862 1097 939 summi
1110 872 1245 944 condi.

180 970 297 1063 totis,
323 969 382 1061 qui
404 968 465 1039 illa
485 964 533 1039 fic
550 964 754 1054 ordinavit,
779 978 821 1034 ut
837 966 1092 1049 inenarrabiles
1113 962 1243 1043 ctusu's

181 1068 217 1143 su
243 1082 342 1142 certa
368 1064 479 1161 spatia
503 1060 755 1152 conficerent,
788 1065 917 1153 quibus
940 1064 1077 1138 dierum
1101 1088 1145 1138 ac
1169 1090 1245 1142 no·

182 1168 314 1258 stium,
340 1164 465 1240 estatis
488 1164 523 1236 ἀ
548 1163 685 1255 hyemis
708 1162 845 1234 alterna
867 1163 1059 1239 variarent.
1100 1168 1244 1264 ¹Quod

179 1264 372 1343 neffeuus
394 1284 542 1355 eorum,
574 1261 600 1334 fi
619 1273 779 1353 meatus,
803 1261 830 1337 li
850 1262 1070 1355 claritatem,
1094 1263 1120 1337 fi
1146 1288 1245 1342 con-¹

150 1364 369 1458 .·stautiam,
401 1363 427 1437 li
452 1361 727 1459 pulcritudinem
757 1360 998 1454 admirauuu,
1034 1364 1242 1461 intelligere

179 1466 408 1555 debuerunt,
435 1476 571 1555 quanto
595 1462 649 1533 his
675 1464 857 1557 pulcrior,
891 1461 927 1533 st
944 1464 1174 1555 praeclarior,
1199 1468 1240 1539 bc

177 1566 369 1660 potentior
400 1562 443 1637 fit
473 1559 546 1657 ipse
577 1558 776 1652 conditor,
809 1576 916 1651 atque
946 1560 1075 1634 artifex
1106 1585 1241 1643 eorum

177 1664 291 1738 Deus.
342 1661 412 1736 Sed
433 1662 483 1734 illi
507 1661 732 1733 divinitatem
757 1662 917 1733 humanis
939 1661 1071 1733 vifibus
1091 1662 1241 1739 aestima·

176 1763 583 1952 ultusultus
596 1748 1096 1950 ”limitibus
1129 1765 1238 1956 illl

593 1912 606 1950 5
1091 1914 1105 1955 θ

177 1963 294 2035 oculis
313 1962 521 2036 mortalibus
537 1957 804 2053 comprehendi
855 1979 867 2007 ·

771 2165 1223 2194 Ἣ

442 2295 474 2370 c
498 2293 533 2370 A
558 2296 647 2397 eu
671 2296 708 2371 Τ
757 2297 936 2374 xxvrr.

200 2464 254 2533 Do
268 2461 422 2532 Hominis
436 2464 609 2545 nuatione,
630 2474 751 2555 peccato
767 2420 807 2534 ss
821 2479 934 2555 ρωπος
960 2487 997 2532 ac
1011 2462 1049 2531 sie
1061 2407 1205 2555 Angelis,
1217 2472 1239 2511 ·'

496 2576 564 2630 tum
583 2558 688 2647 bonis,
718 2575 787 2629 tum
801 2561 905 2634 mdis.
1254 2558 1265 2585 '

169 2760 331 2939 Unum
351 2754 386 2831 ἁ
406 2758 569 2831 ultimum
593 2754 726 2845 restat,
759 2772 802 2832 ut
825 2757 993 2850 quoniam
1017 2759 1229 2852 plerumque

270 2858 420 2946 accidit,
447 2857 547 2931 sicuti
566 2858 602 2929 i'n
625 2857 778 2931 historiis
800 2858 971 2953 legimus,
1006 2873 1047 2930 ut
1071 2853 1229 2948 majesta·

170 2974 244 3030 tem
264 2954 357 3031 suam
376 2956 438 3028 Dii
458 2953 644 3028 ostendisse
668 2956 856 3045 videantur
879 2976 945 3048 per
968 2957 1133 3051 auguria,
1160 2978 1227 3048 per

168 3056 325 3146 somnia,
358 3074 422 3146 per
447 3056 609 3143 oracula,
635 3068 711 3128 tum
732 3055 836 3128 etiam
858 3055 970 3147 poenis
986 3076 1137 3147 eorum,
1164 3058 1226 3146 qui

168 3152 349 3250 sacrilegia
363 3152 632 3245 commiserant,
659 3153 809 3239 doceam
828 3172 904 3244 quae
921 3156 1013 3227 ratio
1033 3154 1068 3227 id
1093 3154 1226 3248 effece-

167 3255 236 3345 rit,
264 3252 407 3342 nequis
431 3253 653 3326 etiamnunc
677 3253 714 3325 in
737 3253 883 3326 eosdem
907 3255 1054 3345 laqueos
1073 3255 1223 3347 incidat,

165 3352 204 3429 iu
222 3372 312 3445 quos
330 3352 380 3423 illi
400 3365 543 3424 veteres
563 3351 777 3427 inciderunt.
829 3351 919 3425 Cum
939 3352 1041 3429 Deus
1060 3373 1129 3445 pro
1150 3353 1224 3445 virg

166 3465 248 3533 tute
272 3446 459 3542 majestatis
488 3449 553 3525 suae
580 3451 748 3525 mundum
779 3450 823 3524 de
849 3450 961 3525 nihilo
997 3448 1224 3544 condidisset,

165 3551 365 3641 coelumque
379 3548 567 3622 luminibus
587 3548 804 3629 adornasset,
823 3563 952 3625 terram
968 3572 1058 3625 vero
1074 3551 1106 3623 ss
1123 3571 1221 3624 mate
1256 3624 1259 3629 .

165 3646 374 3739 complesset
403 3649 607 3721 animalibus
673 3665 749 3723 tum
778 3651 960 3735 hominem
988 3653 1033 3723 de
1061 3653 1148 3723 limo
1174 3650 1219 3726 ad

162 3747 349 3843 imaginem
365 3746 593 3821 similitudinis
613 3701 679 3820 suae
697 3744 885 3845 figuratum
905 3748 1090 3842 inspiravit
1104 3749 1147 3821 ad
1166 3750 1220 3820 vi·

162 3857 258 3939 tam,
284 3844 472 3938 posuitque
494 3866 574 3919 eum
596 3847 632 3919 in
653 3844 842 3937 Paradiso‚
877 3869 981 3938 quem
1006 3844 1218 3921 conseverat

162 3944 260 4017 omni
281 3964 412 4040 genere
433 3942 604 4018 frustiferi
626 3940 735 4040 ligni,
763 3946 797 4018 &
817 3946 1056 4045 praecepitei,
1084 3970 1130 4021 ne
1148 3967 1220 4020 una

160 4062 205 4116 ex
226 4044 377 4140 arbore,
402 4042 441 4118 in
466 4064 534 4136 qua
551 4043 721 4140 posuerat
743 4045 777 4118 ei
801 4044 981 4123 scientiam
1004 4045 1093 4120 boni
1119 4046 1220 4117 mali·

1080 4163 1165 4237 que,
