2775 4792
169 362 447 503 Lacuturn
471 388 688 472 Ertrour
712 413 859 473 nrvru.
884 380 1125 479 lustinus.
1161 416 1207 494 3³
1266 408 1288 507 f

138 559 165 637 fi
189 560 291 633 Deus
311 558 400 632 nihil
424 571 538 633 curat.
599 558 762 654 Semina,
793 559 930 653 inquit,
957 557 1037 632 sunt
1055 562 1206 653 minuta,

115 682 221 751 .quae
246 679 313 731 nec
336 659 474 750 videri,
508 678 576 731 nec
603 660 701 755 tangi
723 656 889 752 ponunt,
924 680 1075 751 quorum
1103 663 1206 732 coitu

112 776 114 781 ·
139 759 296 832 fortuito
317 757 351 830 δι
371 771 455 830 orta
472 750 551 831 sunt
571 761 712 849 omnia,
736 755 920 852 &semper
939 763 1116 834 oriuntur.
1166 760 1207 833 si

140 878 209 931 nec
235 858 430 949 videntur,
465 878 535 930 nec
559 860 631 931 ulla
659 859 826 950 corporis
856 873 960 950 parte
985 858 1203 952 sentiuntur,

109 958 234 1069 ¹unde
259 955 330 1031 elle
360 958 420 1028 illa
449 955 538 1030 scire
569 957 743 1051 potuisti?
782 957 924 1043 Deinde
949 957 975 1031 fi
1000 956 1103 1049 sunt,
1137 962 1205 1048 q'ua

139 1072 260 1131 mente
283 1057 534 1150 conveniunt,
560 1072 609 1128 ut·
622 1056 754 1148 aliquid
775 1050 957 1131 efficiant?
991 1055 1028 1129 Si
1047 1054 1127 1131 sunt
1146 1060 1207 1131 lae-

139 1160 220 1249 via,
248 1158 431 1228 cohaerere
453 1176 530 1230 non
551 1155 719 1250 pollunt3
753 1158 777 1231 st
800 1158 940 1230 hamata
964 1157 999 1229 u
1022 1160 1205 1252 angulata,

139 1277 228 1353 ergo
252 1256 414 1328 secabilia
431 1254 520 1333 sunt.
571 1256 677 1330 Hanni
694 1257 810 1349 enlm,
838 1257 1007 1353 &anguli
1025 1271 1151 1329 extant
1170 1257 1207 1329 dt

138 1355 289 1449 poliunt
311 1356 494 1449 amputari.
544 1355 614 1431 Sed
631 1357 709 1431 haec
726 1355 835 1428 delira
852 1357 886 1429 &
903 1358 1052 1431 inutilia.
1104 1355 1205 1452 Quid

139 1457 244 1546 quod
265 1453 359 1527 idem
385 1458 515 1529 animas
543 1457 794 1553 extinguibiles
818 1454 934 1544 facit3
968 1473 1073 1545 quem
1097 1456 1205 1529 refel·
1239 1496 1242 1505 ,

111 1546 114 1555 ’
134 1554 220 1627 lunt
234 1574 307 1627 non
319 1555 431 1626 modo
446 1554 648 1648 philosophi
663 1576 789 1639 omnes
803 1555 837 1626 dc
850 1555 995 1645 publica
1008 1553 1200 1648 persuasr0,

135 1673 266 1726 verum
290 1655 395 1726 etiarn
417 1652 584 1745 responsa
611 1674 757 1736 vatum,
793 1659 949 1728 carmina
971 1653 1201 1748 Sibyllarum,

135 1753 393 1845 ipsae'denique
418 1754 549 1825 divinae
574 1775 687 1827 voces
709 1754 1060 1846 Prophetarum-ut
1073 1754 1203 1828 mirum

109 1916 111 1921 .
136 1851 179 1925 lit
203 1851 353 1927 extitille
374 1852 817 1945 unumvtpicurum,··qui
842 1875 922 1927 cum
943 1856 1135 1946 pecoribus
1158 1876 1202 1927 ac

136 1950 262 2025 belluis
282 1950 414 2024 sortem
434 1953 587 2024 hominis
609 1971 777 2043 aequaret.

214 2052 313 2146 Quid
327 2050 572 2143 Pythagoras?
594 2055 653 2142 qni
671 2060 803 2144 primus
819 2048 870 2125 est
883 2051 1120 2145 philolophus
1136 2072 1203 2125 no·

136 2152 320 2235 minstus3¹
343 2150 403 2241 qui
420 2152 552 2223 animas
567 2152 708 2240 quidem
725 2154 943 2225 immortales
964 2151 1056 2246 elie,
1082 2153 1120 2223 in
1134 2153 1203 2224 alia
1234 2181 1237 2187 ·
1274 2162 1279 2175 '

137 2263 256 2323 tamen
277 2270 456 2341 corpora,
483 2253 543 2321 vel
567 2252 765 2343 pecudum,
792 2256 858 2327 vel,
879 2255 1022 2342 avium,
1041 2253 1119 2323 uel
1140 2253 1203 2324 be·
1299 2332 1302 2337 ,

135 2348 277 2424 iliarum
298 2369 502 2423 commeare
527 2348 658 2437 statuit.
708 2350 848 2423 Nonne
871 2351 978 2423 satius
999 2350 1119 2424 fuerat
1140 2372 1201 2423 eas

137 2470 218 2523 cum
246 2447 311 2520 suls
339 2451 554 2542 corporibus
580 2453 770 2546 extingui,
810 2471 915 2542 quam
945 2451 992 2523 stc
1019 2451 1063 2521 ad
1086 2452 1202 2524 aliena

101 2578 104 2583 ⁴
137 2550 312 2636 damnari,
348 2547 452 2620 satius
472 2551 623 2645 omnino
645 2571 723 2622 non
741 2548 831 2640 elle,
859 2571 962 2640 quam
985 2549 1066 2643 post
1085 2550 1201 2623 homi·

135 2650 190 2721 nis
206 2650 380 2736 formam,
407 2652 467 2720 vel
484 2648 598 2737 luem,
618 2649 679 2720 vel
697 2648 993 2721 canemviverel
1021 2645 1070 2719 Et
1084 2650 1201 2721 homo

136 2749 300 2839 ineptus,
333 2761 375 2816 ut
401 2744 507 2818 fidem
535 2745 629 2817 diuo
654 2749 825 2835 adderet,
844 2745 1007 2838 ¹seipsum
1031 2745 1200 2843 Trojano
1301 2771 1304 2776 ¹

136 2848 236 2919 bello
265 2845 499 2936 Euphorbum
523 2839 623 2918 fuisse
646 2846 757 2937 dixit,
785 2867 858 2937 quo
878 2845 1029 2938 occiso,
1054 2845 1093 2917 in
1115 2846 1201 2919 alias
1243 2888 1246 2893 ,

136 2944 267 3043 figuras
291 2947 490 3018 animalium
519 2944 712 3036 transtille,
747 2946 930 3037 postremo
957 2944 1201 3041 Pythagoram

134 3040 278 3119 saltum.
330 3044 366 3116 O
389 3040 549 3135 felicem,
576 3047 633 3116 cui
649 3044 715 3118 soli
729 3060 829 3118 tante
842 3046 1016 3118 memoria
1032 3043 1201 3119 concella

136 3146 207 3219 est!
242 3147 303 3216 vel
320 3145 442 3237 potius
465 3144 668 3237 infelicem,
695 3147 752 3216 cui
772 3147 947 3218 translato
966 3147 1002 3217 in
1023 3146 1199 3236 pecudem

135 3262 213 3317 non
243 3245 345 3316 licuit
367 3241 532 3336 nescire,
567 3244 651 3335 quid
675 3243 804 3317 fuerit!
838 3246 1118 3334 Atqueutlnam
1143 3243 1201 3316 so·

136 3342 192 3417 lus
211 3340 403 3425 delirallet!
435 3345 582 3417 Invenit
603 3342 733 3435 etiam,
760 3346 819 3435 qui
840 3343 1051 3435 cnederent,
1076 3343 1200 3435 &qui-

134 3440 217 3617 ¹dem
233 3443 413 3619 dilndoiios
435 3444 621 3538 homines,
657 3443 702 3537 ad
729 3463 821 3536 quos
850 3441 1007 3518 stultitiae
1033 3442 1200 3521 transiret

161 3562 230 3617 ere
258 3545 334 3620 tas.

489 3790 842 3903 ω.

112 4060 515 4229 ἓ·ιιενιινιι.πιιι.ιι.
669 4138 756 4226 c
878 4138 1219 4227 ··crnurx
