2775 4792
169 444 685 545 llacrrrrrn'Errt‘ou'a
709 459 1131 544 oium..¹lurr'rr'ur.
1164 474 1210 559 si

91 714 92 719 Ν
148 625 186 700 dt
200 626 281 718 quid
296 622 651 718 habeatpotestatis,
669 624 706 698 in
719 638 891 718 promptu
907 626 977 719 est,
994 647 1073 703 cum
1089 630 1211 709 omnio
1265 619 1270 631 ’

90 768 94 811 f
148 727 349 813 daemonum
376 725 514 823 cohors
540 724 614 799 hoc
637 724 738 821 ligno
764 727 954 819 expellitur
982 748 1024 799 ac
1053 728 1208 825 fugatur.
1246 726 1251 737 '

145 822 197 898 Et
212 826 299 901 licut
319 821 403 919 ipse.
415 836 499 897 ante
514 823 706 919 paffionem
722 825 900 898 daemonas
917 829 1045 917 verbo·
1055 828 1089 900 dt
1099 832 1209 923 impe·

144 926 203 998 rio
222 925 484 1020 proturbabat,
510 924 557 997 fic
580 942 677 997 nunc
697 926 845 997 nomine
863 946 904 997 ac
922 924 1021 1022 signo
1042 927 1206 1020 pullionis

91 1062 93 1093 t
145 1026 305 1118 ejusdem
312 1024 452 1119 spiritus
461 1023 631 1098 immundi
641 1025 784 1115 quando
797 1024 833 1095 in
849 1044 1005 1118 corpora
1020 1026 1207 1103 hominum

90 1186 92 1225 p
144 1122 388 1218 irrepserunt,
421 1124 632 1219 exiguntur,
666 1142 747 1197 curn
774 1124 910 1197 extorti
936 1125 970 1197 &
993 1128 1207 1221 excruciati,

90 1230 94 1253 ‘
145 1244 189 1297 ac
211 1221 247 1297 se
271 1225 449 1298 daemonat
473 1214 717 1304 confitentes,
752 1225 959 1317 verberanti
983 1222 1019 1297 se
1040 1224 1127 1298 Deo
1149 1247 1209 1300 ce·

144 1323 249 1397 dunt.
277 1324 279 1329 '
317 1322 415 1494 (ἰυίἀ
444 1342 530 1419 ergo
556 1319 778 1417 speraverint
805 1323 851 1395 de
874 1323 942 1395 suis
970 1326 1206 1421 religionibus

144 1442 301 1516 cumque
340 1443 384 1494 ua
407 1418 575 1516 sapientia
600 1420 745 1514 Graeci‚
780 1442 860 1495 cum
888 1422 1064 1518 videant,
1100 1423 1207 1498 Deor

141 1520 253 1614 suos,
278 1522 559 1615 quorumdem,
586 1521 764 1597 daemonas
782 1520 941 1596 ellenon
958 1535 1113 1621 negant,
1139 1542 1206 1620 per

145 1640 288 1695 crucem
299 1622 351 1694 'ab
366 1622 571 1695 hominibus
591 1621 812 1717 triumphari.

466 1955 733 2035 CAPUT
782 1959 872 2039 LlL

167 2122 246 2220 Spes
253 2118 376 2212 salutis
390 2120 556 2192 huminum
572 2123 610 2190 in
628 2125 703 2193 veri
719 2123 785 2191 Dei
803 2126 979 2215 agnitione,
1004 2125 1045 2202 σ
1058 2124 1097 2196 de
1111 2124 1180 2198 odio

426 2220 639 2292 Ethru'corum
653 2224 691 2292 in
712 2222 915 2319 Christianos.

218 2439 264 2494 ua
277 2418 385 2516 igitur
400 2415 478 2514 spes
491 2419 697 2494 hominibus
710 2422 787 2493 vita
804 2419 877 2514 est,
902 2441 994 2494 unus
1009 2435 1137 2513 portus
1153 2419 1204 2495 sa·

129 2532 134 2539 '
243 2522 326 2592 lutis
364 2539 473 2594 unum
486 2518 663 2614 refugium
677 2521 874 2613 libertatis,
902 2518 1106 2613 srabjeitis,
1127 2522 1203 2612 qui-

139 2623 211 2697 bus
231 2572 472 2713 tmefflnmr,
504 2621 710 2714 erroribus,
736 2620 897 2715 aperiant
920 2622 1050 2692 oculos
1070 2621 1202 2693 mentis

142 2718 235 2808 sue,
262 2717 453 2809 Deumque
472 2716 714 2817 cognoscant,
740 2719 866 2809 inquo
884 2716 961 2789 solo
981 2719 1203 2807 domicilium

141 2817 308 2893 veritatis
335 2815 410 2910 est,
436 2830 580 2890 terrena
605 2817 639 2889 δι
663 2822 707 2889 de
730 2830 828 2890 terra
848 2812 930 2888 fitia
950 2831 1208 2913 contemnant,

139 2914 430 3013 Philosophiam,
457 2936 535 3008 quae
552 2915 645 3010 apud
662 2913 780 2989 Deum
798 2914 945 2989 stultitia
964 2913 1034 3008 est,
1060 2935 1129 3009 pro
1148 2918 1202 2989 ni-
1274 2974 1277 2979 .

139 3018 221 3092 hilo
241 3030 478 3110 computent,
506 3016 642 3088 &vera
660 3012 849 3114 sapientia,
865 3015 913 3105 <id
929 3014 999 3110 est,
1024 3008 1202 3114 religione

140 3114 324 3211 usupra,
350 3113 438 3189 fiant
457 3114 732 3189 immortalitatis
749 3115 918 3189 haeredes.

219 3215 367 3291 Atenim
382 3228 603 3312 repugnant,
624 3234 699 3288 non
717 3229 789 3288 tam
804 3214 970 3305 veritati,
998 3234 1101 3305 quam
1114 3233 1202 3307 pro·

140 3316 229 3413 pria
247 3314 368 3403 saluti3
395 3335 547 3406 cumque
567 3316 644 3387 haec
667 3315 834 3402 audiunt,
860 3315 963 3387 velut
981 3314 1125 3405 aliquod
1146 3313 1201 3385 in·
1270 3314 1273 3321 '

142 3416 321 3510 expiabile
343 3416 444 3489 nefas
466 3412 695 3488 detestantur.
753 3412 824 3486 Sed
845 3434 891 3484 ne
914 3411 1036 3485 audire
1056 3412 1200 3504 quidem

141 3519 346 3611 patiuntur3
379 3515 510 3589 violari
536 3534 638 3587 aures
664 3510 740 3585 luas
762 3513 946 3609 sacrilegio·
967 3523 1105 3604 putant.
1160 3509 1199 3583 si

141 3615 340 3709 audierint,
366 3636 435 3688 nec
451 3616 523 3707 jam
545 3610 737 3687 maledietis
757 3610 948 3698 abstinent,
975 3608 1034 3684 sed
1056 3611 1197 3700 quantis
1280 3632 1283 3637 ·

114 3740 119 3747 ·
140 3711 312 3811 ponunt,
344 3715 543 3788 verborum
564 3713 791 3786 contumeliis
811 3709 1045 3784 infodiuntur:
1075 3708 1198 3804 iidem·

140 3834 216 3908 que
238 3813 264 3886 st
284 3813 498 3906 potestatem
519 3811 611 3886 naili
636 3811 793 3904 merim,
821 3813 921 3883 velut
942 3805 1062 3882 hostes
1081 3811 1197 3902 publi-

142 3934 210 3988 cos
221 3910 502 4008 persequuntur,
521 3915 594 3986 imo
611 3913 718 3985 etiam
732 3913 812 4005 plus
828 3930 931 4002 quam
946 3903 1086 4001 hostes,
1105 3929 1195 4000 quo·

139 4034 248 4105 rum,
275 4032 356 4086 curn
375 4014 474 4087 bello
498 4011 584 4085 vitti
603 4010 761 4103 fuerint,
788 4023 849 4082 aut
866 4027 985 4100 mors,¹
1011 4021 1072 4080 aut
1086 4005 1196 4077 servi·

141 4128 201 4191 tut
212 4132 320 4210 poena
333 4110 405 4204 estt
430 4132 499 4189 ure
512 4113 606 4190 ullus
619 4109 703 4290 pssst
717 4128 815 4187 arma
828 4107 1223 4206 depoutaeruemua,

207 4220 228 4263 1'
703 4234 725 4288 2
1054 4218 1189 4296 qum·
