2775 4792
125 437 148 503 -χ
266 369 492 498 ancanrn
508 419 621 504 mmm¹
637 418 689 508 on
704 381 1134 518 Moncmusl’ansreur.
1161 424 1230 501 229

172 647 174 652 ¹
214 581 216 592 ·
240 556 308 635 His
320 559 448 635 litteris
466 559 683 656 proposrtis,
710 561 821 646 etiam
842 561 962 632 verbo
978 560 1145 634 hortatus
1164 559 1228 659 est,

119 701 130 718 κ
165 670 213 732 ut
227 663 484 758 conventicula
501 663 538 734 in
553 661 681 735 statum
695 657 881 755 pristinum
896 658 1142 738 redderentur.
1168 661 1229 733 Sic

165 760 215 834 ab
240 753 360 850 euersa
380 759 540 835 Ecclesra
564 757 678 853 usque
698 761 742 833 ad
760 757 957 833 restitutam
979 758 1126 835 fuerunt
1146 762 1228 836 antri

137 859 314 954 decem,
339 857 571 957 mensesplus
586 861 702 934 minus
724 857 889 952 quatuor.
1114 861 1121 868 “

586 1055 596 1069 ··
615 1019 770 1096 XLIX.

185 1185 193 1194 ’
227 1155 416 1249 Sequenti
433 1170 554 1235 autem·
566 1148 711 1237 Licinio
731 1182 812 1234 curn
827 1158 995 1245 exercitu
1016 1157 1224 1254 tyrannum,

160 1256 337 1367 'profugus
359 1260 547 1344 concellit,
572 1253 743 1352 &rursua
761 1259 873 1334 Tau'ri
896 1262 1030 1349 montis
1049 1257 1224 1355 angustias

161 1357 270 1450 petiit
278 1381 291 1448 ιΙ
313 1360 539 1434 munimentis
555 1361 685 1436 ibidem
701 1382 744 1442 ac
755 1361 913 1432 turribus
929 1359 1131 1450 fabricatis,
1145 1359 1223 1458 iter

162 1453 348 1545 obstruere
374 1461 529 1533 conatus¹
546 1460 618 1547 est,
644 1459 788 1532 &inde
814 1457 1038 1540 dextrorsum
1062 1454 1223 1552 perrum-

159 1556 329 1648 pentibus
348 1561 468 1652 omnia
481 1555 699 1658 vilioribus,
725 1553 876 1631 Tarsum
892 1557 1074 1650 postremo
1095 1556 1223 1629 confu-

107 1671 111 1680 ·
158 1655 224 1749 git.
277 1655 329 1728 lbi
352 1674 433 1732 cum
453 1659 524 1751 jam
547 1653 823 1760 terminarique
846 1670 1054 1749 peteretur,
1081 1676 1150 1728 nec
1169 1655 1222 1728 ul·

107 1823 120 1832 .
157 1754 231 1826 lurn
247 1752 403 1847 speraret
418 1758 615 1854 refugium,
644 1780 778 1855 angore
796 1756 901 1829 animi
923 1778 964 1827 ac
979 1770 1078 1828 metu
1092 1754 1222 1829 confu-

129 1888 131 1892 ·
158 1851 211 1947 git
231 1855 274 1926 ad
292 1868 449 1932 mortem
464 1906 477 1938 ‚
492 1880 497 1885 ·
511 1859 605 1949 quast
626 1858 668 1931 ad
690 1857 886 1931 remedium
909 1858 1106 1946 malorum,
1141 1875 1219 1943 quae

156 1948 259 2022 Deus
280 1951 318 2024 in
341 1969 450 2048 caput
474 1956 550 2047 ejus
570 1956 716 2051 ingeffit.
776 1955 846 2027 Sed
870 1953 967 2044 prius
996 1954 1079 2025 cibo
1110 1952 1144 2024 se
1168 1955 1220 2023 in·

155 2049 278 2141 serlrt,
309 2072 351 2123 ac
378 2052 466 2134 vino
491 2056 746 2152 ingurgitavit,
778 2069 819 2127 ut
838 2051 955 2124 solent
979 2052 1035 2143 hi,
1070 2051 1129 2142 qui
1145 2050 1220 2123 hoc

153 2151 285 2221 ultimo
302 2149 470 2226 sefacere
487 2155 717 2230 arbitrantur.
769 2151 818 2225 Et
834 2152 880 2225 irc
895 2150 1007 2224 hausrt
1025 2169 1218 2224 venenum.

151 2244 266 2342 ,Cujus
289 2250 541 2342 vimaeferto.
553 2251 741 2328 stomacho
757 2248 975 2348 reperculsa,
1002 2252 1126 2324 valere
1141 2269 1220 2324 non
1255 2325 1259 2332 ,

154 2350 278 2441 potuit
291 2350 327 2423 in
344 2351 518 2447 praesens,
546 2352 605 2438 sed
620 2355 656 2428 in
670 2355 878 2450 languorem
892 2353 1020 2442 malum
1042 2347 1220 2442 versape·
1257 2388 1261 2398 ·

155 2444 317 2551 stilentiae
334 2450 498 2544 fimilenr,
524 2459 566 2524 ut
586 2453 718 2536 diutius
737 2449 921 2546 protrado
940 2448 1063 2541 spiritu
1081 2450 1216 2521 crucia-

153 2560 277 2646 menta
299 2543 456 2623 sentiret.
508 2551 586 2645 Jarn
609 2549 732 2642 saevire
753 2554 791 2622 in
811 2550 892 2622 eum
915 2560 1070 2640 coeperat
1093 2549 1217 2633 virus3

152 2643 257 2737 cujus
279 2647 420 2719 vicum
442 2648 639 2741 precordia
656 2650 733 2740 ejrrs
751 2648 933 2737 furerent,
960 2641 1218 2724 inlustentabili
1245 2739 1250 2746 Ι

152 2743 286 2836 dolore
306 2764 421 2837 usque
442 2747 487 2819 ad
507 2746 641 2819 rabiem
664 2747 795 2820 mentis
817 2747 929 2818 elatus
951 2743 1029 2833 est,
1064 2743 1154 2814 adeo
1176 2755 1219 2815 ut

153 2853 221 2938 p'et
242 2843 320 2918 dies·
336 2860 492 2937 quatuor
510 2844 642 2919 insania
665 2847 843 2940 percitus,
877 2841 1033 2915 haustam
1055 2843 1217 2916 manibus
1266 2887 1278 2896 ,

153 2955 288 3017 terram
310 2946 414 3019 velut
435 2944 590 3044 esuriens
611 2945 818 3034 devoraret.
869 2940 1012 3014 Deinde
1030 2940 1111 3034 post
1127 2944 1217 3016 mul-

153 3053 215 3114 tos
232 3061 432 3139 gravesque
451 3042 652 3138 cruciatur,
672 3041 760 3119 'cum
780 3055 888 3138 caput
904 3042 1001 3115 fuum
1017 3043 1213 3134 parietibus
1271 3044 1275 3050 ’

152 3139 356 3239 infligeret,
379 3144 570 3218 exilierunt
586 3146 684 3220 oculi
701 3146 776 3237 eJus
794 3144 838 3216 de
860 3144 993 3217 caveis.
1042 3139 1139 3213 Tum
1157 3144 1217 3213 de·

128 3259 275 3332 mum,
309 3240 430 3315 amilio
456 3242 561 3333 visu,
594 3242 715 3317 Deum
738 3244 862 3315 videre
888 3241 996 3332 coepit
1021 3239 1216 3312 candidatis

152 3340 319 3415 ministris
341 3338 389 3413 ‘de
415 3337 449 3413 se
469 3340 701 3434 judicantem.
749 3339 991 3413 ·Exclamabat
1015 3360 1103 3436 ergo
1126 3337 1216 3410 sicut

151 3439 199 3531 ii,
225 3440 285 3533 qui
308 3442 471 3532 torqueri
496 3440 635 3528 solent3
668 3440 797 3514 &non
819 3439 875 3530 se,
901 3438 961 3510 sed
983 3439 1071 3511 alios
1094 3434 1216 3509 fecisse

153 3540 309 3615 dicebat.
368 3537 535 3633 Deinde,
563 3538 657 3631 quasa
677 3541 867 3614 tormentis
892 3534 1053 3624 edacius,
1079 3535 1216 3607 fateba-

153 3650 236 3729 tur,
263 3636 439 3714 Christum
459 3638 607 3713 subinde
624 3638 847 3733 deprecans,
874 3636 1073 3730 &plorans
1094 3646 1135 3703 ut
1151 3632 1217 3706 sui·

152 3747 230 3812 met
252 3732 486 3814 misereretur.
536 3737 595 3811 Sic
612 3740 707 3814 inter
728 3741 901 3838 gemitus,
936 3753 1027 3832 quos
1046 3745 1215 3825 tanquam

152 3847 395 3930 cremaretur,
427 3838 578 3932 edebat,
610 3857 808 3914 nocentem
833 3834 993 3932 spiritum
1017 3828 1215 3908 detestabili

150 3953 285 4035 genere
301 3938 428 4011 mortis
446 3937 591 4014 efflavit.
1064 3946 1067 3952 ’

683 4131 761 4226 1³3
1119 4124 1228 4195 ba·
