2775 4792
196 448 246 535 14
268 427 536 509 Lacraunn
557 423 781 521 Enrnour
804 422 956 509 nivis.
978 426 1227 539 Issrrnur.

194 596 332 672 minum
347 589 417 677 effe
429 612 519 667 vera
533 592 728 681 deberent,
753 593 846 667 intra
863 597 1016 690 parietes
1034 597 1116 673 falsa
1134 597 1263 694 posue3

195 709 294 770 runt.
346 691 435 766 'Hos
459 708 579 766 tamen
601 694 765 784 quamvis
785 709 886 769 extra
903 696 1085 773 hominem
1104 703 1141 773 in
1163 702 1261 775 nulla

196 796 265 872 iint
292 795 443 870 omnino
469 791 678 877 substantia,
716 795 856 869 mallem
885 797 1008 888 potius
1034 800 1127 891 coli,
1154 821 1260 891 quam

194 895 416 988 rubiginem,
445 910 555 985 quam
572 891 737 983 febrem,
768 912 847 985 quae
870 895 1138 972 non-sacranda
1165 898 1260 994 sunt,

196 993 257 1070 sed
273 991 497 1082 execranda3
523 1012 629 1084 quam
644 990 675 1066 F
676 1013 867 1088 ornacem,
895 1016 974 1089 cum
996 996 1063 1071 suis
1083 997 1112 1075 F
1113 1020 1261 1078 ornata·

194 1094 289 1171 libus
314 1091 437 1180 sacris3
474 1111 578 1185 quam
610 1090 838 1186 stercutum,
869 1095 929 1187 qui
953 1095 1054 1170 furno
1077 1099 1262 1196 pinguefa-

196 1215 281 1271 cere
307 1206 439 1266 terram
463 1189 778 1288 primusostendit
792 1214 818 1279 ;⁴
844 1215 949 1286 quam
977 1195 1078 1281 deam
1102 1199 1261 1295 Mutum,

196 1306 274 1390 quae
288 1292 399 1368 Lares
417 1293 562 1389 genuit3
590 1312 695 1385 quam
714 1289 911 1388 Cuninam,
938 1316 1015 1387 quae
1033 1302 1133 1372 cunis
1148 1300 1262 1373 infan-

190 1399 285 1471 'tium
309 1391 460 1490 praeest3
499 1412 604 1484 quarn
629 1390 787 1485 Caeam,
822 1414 898 1485 quaa
924 1394 967 1468 a'd
995 1397 1188 1481 Hercuiem
1215 1400 1261 1474 de

137 1572 139 1581 ,
193 1494 297 1572 furto
324 1495 438 1566 boum
458 1491 613 1591 detulit,
644 1505 686 1565 ut
711 1491 899 1578 ¹occideret
915 1494 1080 1572 fratrem.
1140 1501 1261 1596 Quam

194 1596 309 1673 multa
331 1591 411 1665 sunt
436 1593 503 1666 alia
523 1604 696 1684 portenta
722 1605 829 1685 atque
857 1586 1032 1689 ludibria,
1059 1597 1104 1670 de
1129 1599 1259 1688 quibus

193 1673 463 1801 piget'dicere?
498 1690 710 1765 Terminum
727 1704 845 1766 tamen
864 1714 939 1766 non
956 1696 1044 1773 libet
1062 1702 1260 1792 praeterire,

194 1795 278 1889 quia
291 1815 338 1867 ne
351 1792 438 1887 Jovi
454 1791 596 1885 quidem
611 1788 820 1883 Capitolino
838 1791 965 1868 ceffiiie
981 1797 1155 1890 traditur,
1176 1818 1260 1873 cum

159 1926 166 1960 i
193 1890 284 1989 lapis
306 1891 394 1969 effet
410 1892 586 1968 informis.
637 1890 746 1967 Hunc
763 1888 886 1966 finium
905 1909 1034 1989 putant
1051 1898 1184 1970 habere
1198 1919 1260 1971 cu·

192 1992 366 2085 stodiam,
400 1995 506 2087 eique
521 1992 667 2087 publice
686 1989 923 2087 supplicatur,
950 2009 992 2068 ut
1010 1994 1179 2090 Capitolii
1195 2000 1260 2071 im·

192 2095 330 2173 mobile
349 2090 470 2170 saxum
491 2093 648 2171 Romani
669 2093 813 2187 imperii
826 2090 925 2169 fines
946 2095 980 2171 δι
1006 2093 1200 2171 conservet
1223 2099 1259 2173 da

192 2206 383 2294 proroget.
708 2216 711 2223 ’

1087 2384 1092 2393 ι

500 2484 949 2612 cnsurxmn

344 2674 515 2768 Defuerit
536 2675 736 2751 intrudnkiir
751 2687 776 2791 'ir
797 2680 908 2750 Fauno
927 2675 966 2754 θ’
984 2678 1109 2750 Numa.

192 2864 314 3037 Has
333 2881 460 2934 omnes
479 2858 632 2956 ineptias
655 2858 791 2954 primus
815 2858 852 2933 in
873 2857 982 2933 Latio
997 2857 1138 2932 Faunus
1156 2857 1261 2934 indu·

299 2961 373 3044 xit',
401 2960 461 3051 qui
484 2959 518 3032 dr
540 2959 695 3031 saturno
718 2979 792 3031 avo
814 2964 963 3031 eruenta
985 2953 1195 3038 constituit,
1222 2962 1258 3034 ds

192 3058 344 3138 Fatuam
374 3056 533 3135 Faunum
561 3058 752 3156 conjugem
782 3055 1016 3150 sororemque
1043 3060 1137 3132 inter
1166 3058 1257 3133 deos

195 3161 437 3252 conlocavit,
459 3178 517 3231 'ae
540 3155 680 3232 Bonam
705 3158 807 3233 deam
835 3158 1051 3235 nominavit.
1115 3157 1260 3235 Deinde

194 3259 323 3335 Romae
348 3257 493 3351 Numa,
523 3259 585 3350 qui
609 3256 763 3355 agrestes
785 3258 869 3332 illos
890 3278 932 3332 ac
951 3260 1061 3333 ¹rudes
1081 3258 1183 3331 viros
1206 3258 1258 3331 su·

195 3359 467 3459 perstitionibus
495 3360 605 3432 novis
631 3358 828 3453 oneravit,
866 3355 1065 3432 sacerdotia
1092 3356 1257 3452 instituit,

195 3462 232 3533 ds
254 3460 344 3534 deos
363 3459 503 3533 familiis
522 3460 760 3555 gentibusque
775 3457 971 3550 distribuit,
997 3473 1038 3531 ut
1052 3459 1190 3531 animos
1205 3458 1259 3530 fe·

195 3561 294 3634 rotis
310 3560 436 3656 populi
450 3561 494 3633 ab
510 3579 692 3634 armorum
707 3556 829 3632 studiis
843 3572 1028 3644 avocaret,
1079 3556 1169 3631 Ideo
1184 3557 1258 3630 Lu·

195 3660 298 3732 cilius
316 3659 480 3733 deridens
496 3660 647 3752 ineptias
662 3657 833 3749 istorum,
860 3658 921 3752 qui
933 3657 1025 3737 fanis
1040 3654 1259 3752 superstitio·

193 3759 301 3836 nibus
316 3757 496 3852 serviunt,
520 3759 589 3832 hos
605 3755 883 3852 versnsposuit:

249 3877 437 3974 servituras
463 3904 598 3973 ramea
622 3903 751 3991 mma,
776 3897 1084 3997 ,assumptusque

223 4001 422 4100 Iustitiam
442 4004 574 4076 Numa:
599 4005 711 4074 tremit
733 4001 812 4085 has3
836 3999 889 4070 hic
911 4003 1020 4072 omnia
1039 4001 1145 4096 punit.

192 4156 195 4160 -
246 4106 298 4175 Ut
305 4108 411 4201 pum·
430 4101 584 4198 infames
605 4102 741 4178 credam
758 4100 849 4201 figur
870 4105 979 4175 orinia
1001 4101 1226 4286 Quart,
