2775 4792
153 414 429 499 Lacrnnrtt
452 408 672 503 Eatenus
697 430 845 523 praru.
872 407 1117 489 susurrus.
1154 415 1202 509 65

125 576 258 671 cesta,
286 576 318 649 dt
343 578 479 657 amatus
498 579 670 671 impurus.
721 572 805 653 Nec
828 575 896 649 hac
914 572 988 659 sola
1005 577 1205 669 voluptate,
1290 665 1297 673 Ι

134 678 379 753 abstinendum
398 677 462 751 srbi
479 680 556 770 quis
575 689 701 773 putet,
729 698 807 768 quae
825 672 965 768 capitur
980 697 1024 749 ex
1041 670 1200 748 foeminei

134 777 301 870 corporis
330 779 596 871 copulatione,
630 774 690 849 sed
713 776 748 851 dt
777 778 915 851 caeteris
940 776 1193 868 voluptatibus

135 876 296 955 sensuum
317 878 566 969 reliquorum3
602 876 683 968 quio
706 878 740 949 aa
764 874 843 969 ipsae
867 873 947 949 sunt
969 873 1137 973 vitiosae,
1163 872 1199 947 δι

135 978 293 1069 ejusdem
309 975 456 1049 virtutis
473 974 523 1050 est
539 992 598 1051 eas
614 988 860 1050 contemnere.
911 967 1118 1059 Oculorum
1131 992 1200 1046 vo-

130 1062 253 1175 luptas
273 1077 471 1171 percipitur
488 1099 534 1149 ex
551 1098 671 1151 rerum
693 1074 958 1171 pulcritudine,
992 1074 1129 1149 aurium
1154 1072 1199 1145 de
1233 1102 1236 1107 ·

134 1177 295 1271 vocibus
318 1174 460 1249 canoris
487 1176 521 1249 dc
544 1176 742 1268 suavibus,
776 1176 980 1249 narium'de
1001 1174 1118 1246 odore
1140 1172 1201 1266 ju-

134 1275 286 1368 cundo,
319 1271 451 1369 saporis
472 1274 520 1353 ¹de
548 1276 635 1375 cibis
658 1276 844 1353 dulcibus:
880 1275 1007 1365 quibus
1030 1273 1199 1367 omnibus
1223 1362 1226 1369 Δ

134 1376 256 1449 virtus
280 1386 477 1475 repugnare
498 1362 644 1459 fortit'er
667 1377 798 1468 debet,
825 1396 872 1449 ne
888 1375 942 1449 bis
956 1373 1134 1447 illecebris
1154 1374 1202 1444 ir-

132 1477 267 1548 retitus
290 1476 495 1571 animus„a
514 1475 710 1551 caelestibus
731 1474 963 1565 ad'terrena,
991 1476 1034 1546 ab
1056 1472 1205 1547 aeternis'

137 1575 187 1646 ad
206 1573 443 1668 temporalia,
475 1598 496 1649 a
523 1576 599 1647 vita
621 1576 817 1651 immortali
843 1572 886 1647 ad
908 1592 1048 1667 poenam
1072 1593 1200 1666 perpe-

136 1686 236 1749 tuam
255 1673 495 1767 deprimatur'.-
536 1675 575 1747 ln
592 1675 726 1769 saporis
750 1673 784 1747 δι
803 1673 928 1748 odoris
947 1672 1198 1765 voluptatibus

135 1773 213 1847 hoc
233 1774 432 1869 periculum
454 1772 526 1869 est,
563 1775 662 1866 quod
691 1774 836 1853 trahere
859 1772 902 1846 ad
925 1773 1099 1846 luxuriam
1120 1766 1201 1863 pos-

138 1868 229 1945 sunt.
281 1874 355 1969 Qui
376 1874 469 1947 enim
486 1872 595 1950 suerit
616 1874 675 1947 his·
691 1875 854 1961 deditus,
882 1887 1035 1944 autnon
1053 1872 1201 1944 habebit

138 1973 247 2046 ullam
273 1991 351 2051 rem
372 1972 600 2055 familiarem,
634 1986 717 2065 aut,
751 1974 773 2044 sr
800 1972 994 2064 habuerit,
1029 1969 1202 2062 absumet,

140 2070 273 2169 &aget
289 2068 518 2164 postmodum
542 2073 654 2145 vitam
678 2066 935 2145 detestabilem·
985 2070 1059 2170 Qui
1081 2084 1202 2143 autern

138 2172 278 2265 rapitur
300 2168 451 2264 auditu,
486 2185 527 2244 ut
548 2183 685 2245 taceam
707 2172 753 2245 de
775 2171 959 2266 cantibus,
998 2170 1058 2261 qui
1083 2166 1202 2242 sensus

139 2268 287 2345 intimos
312 2270 363 2344 ita
387 2268 475 2364 saepe
499 2271 695 2365 deliniunt,
730 2283 771 2343 ut
794 2272 900 2343 etiam
921 2268 1050 2345 statum
1069 2268 1202 2343 mentis

96 2395 99 2399 ³
140 2369 267 2452 furore
280 2372 511 2463 perturbent,
527 2372 736 2467 composrtis
750 2372 857 2444 certis
871 2370 1120 2459 orationibus,
1136 2388 1204 2442 nu·

139 2469 366 2562 merosrsque,
386 2471 620 2565 carminibus,
648 2484 709 2543 aut
735 2470 867 2566 argutis
890 2467 1203 2561 disputationibus,

141 2570 185 2642 ad
209 2571 339 2663 impios
364 2571 480 2642 cultus
500 2572 604 2644 facile
625 2571 837 2643 traducitur.
894 2568 982 2642 Inde
1008 2568 1077 2649 est',
1104 2564 1205 2659 quod

141 2666 281 2763 scriptis
299 2667 519 2762 coelestibus,
547 2671 630 2760 quia
646 2669 816 2742 videntur
831 2670 1034 2761 incompta,
1062 2688 1138 2739 non
1154 2664 1205 2737 sa·

142 2770 213 2841 cile
229 2766 402 2860 credunt,
428 2771 487 2859 qui
510 2786 572 2841 aut
594 2767 656 2860 ipss
672 2764 752 2840 sunt
767 2764 908 2855 diserti,
935 2782 997 2838 aut
1013 2764 1140 2839 diserta
1155 2765 1205 2837 le·¹

116 2894 119 2909 ·
144 2888 232 2965 gere
249 2867 404 2942 malunt:
438 2887 514 2939 non
543 2879 707 2957 quaerunt
735 2886 845 2960 vera,
872 2864 931 2938 sed
956 2864 1093 2953 dulcia3
1129 2866 1205 2939 imo

142 2968 213 3041 illis
236 2967 311 3040 baec
337 2966 507 3045 videntur
530 2963 600 3041 esse
616 2965 813 3060 verisima,
846 2965 1086 3056 qtaeauribus
1106 2964 1208 3038 blan-

144 3068 302 3141 diuntur.
360 3066 414 3138 lta
432 3065 605 3161 respuunt
618 3069 832 3157 veritatem,
850 3066 932 3137 dum
947 3062 1118 3139 sermonis
1133 3064 1209 3137 su'a·
1227 3124 1230 3129 .

145 3168 262 3239 vitate
278 3165 478 3261 capiuntur.
528 3168 713 3260 Voluptas
729 3185 842 3257 vero,
859 3186 935 3256 quae
949 3163 1080 3259 spedat
1096 3165 1138 3238 ad
1152 3162 1207 3236 vi·

146 3264 242 3359 sum,
275 3262 505 3346 multiformis
533 3264 594 3339 est.
645 3262 741 3339 Nam
768 3285 846 3357 quae
867 3264 1063 3358 percipitur
1078 3260 1129 3336 ert
1151 3282 1208 3335 re·

143 3362 480 3459 rumpretiosatum
505 3364 790 3458 pulchritudine,
817 3364 1001 3439 avaritiam
1026 3364 1207 3452 concitat,

149 3486 226 3557 quae
247 3466 360 3541 aliena
375 3459 445 3539 esse
462 3463 569 3537 debet
586 3486 605 3535 a
622 3462 780 3556 sapiente
797 3479 904 3556 atque
917 3462 1031 3555 justo:
1058 3483 1136 3554 quae
1149 3480 1222 3533 aun

146 3576 223 3639 tem
238 3567 377 3660 capitur
391 3564 435 3637 de
451 3561 568 3657 specie
587 3564 795 3656 mulierum,
815 3564 851 3635 in
872 3564 1018 3651 alteram
1030 3564 1124 3657 rapit
1142 3576 1208 3641 vo·

148 3665 346 3762 luptatem,
374 3662 420 3738 de
435 3684 505 3756 qua
515 3666 586 3757 jam
603 3661 761 3757 superius
780 3664 896 3737 locuti
915 3660 1043 3740 sumus.
1207 3655 1211 3663 '

554 3923 807 3953 m
837 3912 846 3924 “

156 4136 531 4283 ‘manumu-
649 4158 766 4242 --Ε
841 4142 846 4150 ’
951 4124 1219 4235 ‘cneus
1293 4224 1298 4233 .
