2775 4792
184 537 186 542 ,
253 452 597 530 Lacrrnrnansrn
611 465 663 526 na
678 431 1100 526 Moumusl'rnsr'cur.
1140 463 1207 548 19r'
1248 507 1272 529 1.

155 614 288 689 vinciae
306 612 367 686 vel
385 607 534 704 Africa,
560 612 620 685 vel
636 609 825 706 Hispania,
844 630 928 692 non
948 609 1076 684 eratin
1093 610 1211 685 custo·
1249 605 1255 624 “

158 711 440 806 diendisopibus
454 726 525 784 tam
540 709 710 807 diligens,
736 729 883 802 quarum
900 709 950 783 illi
965 711 1212 806 copiasuppe·

158 815 269 889 rebat.
319 810 470 884 Etcum
493 831 585 902 opus
605 807 715 902 esset,
747 830 824 896 non
841 810 988 883 deerant
1006 811 1212 904 locupletis·

156 913 231 990 fimi
247 911 463 1002 Senatores,
490 909 550 1001 qui
570 907 770 981 subornatis
791 908 930 982 indiciis
955 903 1134 984 affedtasse
1147 912 1212 987 im·
1252 923 1256 936 '

156 1014 296 1107 perium
314 1012 536 1098 dicerentur,
562 1008 664 1080 itaut
678 1005 923 1082 effoderentur
938 1007 1063 1084 allidue
1078 1011 1211 1085 lumina
1244 1081 1254 1102 ,

155 1111 320 1185 Senatus.
372 1106 635 1183 Cmentiffirnus
652 1103 756 1180 fiscus
774 1109 866 1182 male
884 1110 994 1199 partis
1012 1110 1141 1201 opibus
1159 1110 1210 1182 as·

153 1209 304 1284 fluebat.
354 1208 429 1303 Jam
447 1208 558 1280 libido
574 1208 611 1280 in
626 1207 773 1284 homine
788 1206 978 1301 pestifero,
1004 1229 1079 1281 non
1096 1209 1210 1283 modo

155 1311 200 1382 ad
220 1308 501 1402 corrumpendos
515 1307 651 1398 mares,
676 1307 776 1399 quod
798 1305 849 1378 est
869 1306 1031 1382 odiosum
1052 1328 1093 1379 ac
1111 1309 1210 1382 dete·

154 1409 305 1502 stabile,
340 1406 592 1480 verumetiam
615 1405 659 1479 ad
683 1406 868 1479 violandas
889 1408 1084 1498 primorum
1105 1406 1208 1486 filias.

153 1506 253 1582 Nam
269 1524 489 1598 quacumque
503 1508 571 1578 iter
587 1503 745 1595 fecerat,
769 1503 897 1579 avulsae
911 1526 931 1578 a
946 1504 1137 1597 consperto
1149 1531 1210 1600 pa·

153 1621 299 1679 rentum
320 1605 498 1701 virgines,
524 1603 639 1677 statim
660 1603 815 1698 presto·
850 1605 916 1677 His
935 1607 1040 1678 rebus
1063 1607 1207 1681 beatum

151 1706 191 1779 se
210 1706 409 1797 judicabat3
442 1707 495 1778 his
517 1700 680 1777 constare
697 1703 904 1797 felicitatem
922 1704 1060 1797 imperii
1079 1704 1128 1777 sui
1143 1728 1208 1798 pu·

153 1807 274 1896 tabat,
298 1805 322 1877 s1
337 1806 473 1877 libidini
489 1804 523 1876 dr
538 1802 724 1898 cupiditati
739 1806 839 1878 malae
853 1803 939 1876 nihil
954 1804 1156 1898 denegaret.

231 1902 478 1976 Constantium
500 1915 699 2000 praetereO,
734 1903 901 1993 quoniam
924 1901 1084 1976 dissrmilis
1107 1918 1209 1977 caete·

152 2024 283 2078 rorum
299 2002 390 2096 suit,
417 2000 613 2098 dignusque
631 2003 692 2093 qui
709 1999 805 2075 solus
824 2002 950 2077 orbem
970 2014 1122 2078 teneret.
1279 2011 1284 2018 '

649 2155 717 2237 IX.
790 2215 793 2220 ·

145 2309 149 2320 “
230 2303 338 2379 Alter
348 2323 441 2378 vero
457 2300 717 2396 Maximianus,
744 2322 847 2394 quem
859 2301 922 2377 fibi
934 2323 1105 2399 generum
1118 2303 1210 2380 Dio·

157 2403 546 2490 cletianus-asc'lverat,
583 2423 661 2477 non
682 2403 736 2478 bis
762 2403 902 2475 duobus
921 2416 1083 2493 tantum,
1116 2427 1207 2495 quos

154 2521 320 2597 tempora
338 2499 457 2576 nostra
471 2503 670 2592 senserunt,
694 2501 755 2575 sed
774 2503 937 2574 omnibus
961 2504 1019 2593 qui
1047 2503 1207 2596 fuerunt,

154 2606 257 2681 malis
270 2603 384 2695 peior.
410 2601 528 2673 Inerat
544 2602 627 2673 huic
641 2599 760 2673 bestiae
775 2602 943 2674 naturalis
962 2601 1155 2691 barbaries,
1173 2602 1208 2674 br
1277 2675 1280 2682 ,

155 2703 280 2779 feritas
295 2700 495 2773 aRomano
510 2697 674 2793 sanguine
689 2699 813 2773 aliena.
863 2698 903 2772 N
905 2721 954 2772 on
965 2702 1112 2788 mirum,
1128 2721 1210 2774 cum

154 2811 271 2878 mater
289 2801 364 2890 ejus
378 2798 719 2891 Transdanuviana',
745 2795 988 2870 infestantibus
1003 2798 1146 2896 Carpis,
1171 2800 1212 2873 in-

155 2902 307 2977 Daciam
333 2920 466 2973 novam
493 2894 683 2990 transjesto
712 2918 814 2970 amne
839 2895 1061 2994 confugerat.
1120 2898 1212 2974 Erat

157 3003 266 3077 etiam
284 3020 414 3092 corpus
433 2999 590 3072 moribus
605 3017 826 3094 congruens,
847 2998 955 3070 status
970 2996 1101 3090 celsus,
1121 2992 1213 3083 caro¹

155 3103 305 3197 ingens,
330 3097 415 3170 &in
438 3098 653 3170 horrendam
669 3097 945 3192 magnitudinem
965 3095 1211 3186 diffusabrin·
1265 3189 1268 3196 Ι
1307 3178 1309 3190 ,

156 3199 253 3275 flata.
307 3198 472 3287 Denique
492 3196 683 3287 &verbis,
711 3195 911 3287 &adibam
939 3195 1125 3290 &aspectu
1140 3214 1210 3270 ter·

155 3301 234 3373 rori
252 3299 416 3371 omnibus
433 3311 474 3366 ac
490 3293 670 3367 formidini
691 3294 769 3368 fuit.
828 3293 942 3367 Socer
962 3317 1106 3389 qnoque
1126 3318 1208 3370 eum

156 3399 343 3477 metuebat
368 3395 549 3469 acerrime.
607 3391 716 3488 Cujus
739 3395 877 3466 timoris
901 3396 977 3467 haec
1000 3395 1069 3468 suit
1095 3395 1208 3472 causa.
1302 3439 1307 3458 r

156 3497 334 3591 Narseus,
351 3495 432 3571 Rex
444 3491 643 3588 Persarum,
662 3494 864 3584 concitatus
877 3493 1076 3567 domesticis
1092 3516 1210 3567 exem·

158 3598 229 3692 plis
250 3599 308 3669 avi
327 3596 376 3669 sui
393 3594 559 3688 Saporis,
591 3592 634 3672 ad
654 3589 902 3689 occupandum
919 3591 1107 3668 Orientem
1129 3611 1210 3672 cum

157 3695 293 3791 magnis
315 3698 427 3788 copiis
451 3695 619 3769 inhiabat.
1007 3701 1011 3706 “

228 3791 336 3867 Tunc
352 3795 624 3883 Diocletianus,
649 3805 690 3865 ut
706 3806 781 3867 erat
796 3793 833 3866 in
853 3792 951 3865 omni
968 3790 1122 3864 tumultu
1136 3813 1208 3866 me·

157 3892 352 3985 ticulosus,
377 3896 550 3985 animique
566 3890 748 3984 disiettus,
767 3892 864 3966 srmul
878 3891 911 3961 &
925 3890 1123 3986 exemplum
1136 3893 1210 3963 Va·

156 3993 282 4069 leriani
303 3993 456 4081 timens,
482 4013 558 4066 non
582 3989 680 4065 ausus
707 3991 756 4065 est
782 3991 928 4063 obviam
953 3989 1119 4064 tcnde're:
1150 3988 1211 4062 sed

156 4091 254 4172 hunc
274 4113 339 4189 per
356 4087 562 4169 Armeniam
583 4094 693 4189 miso,
717 4089 789 4187 ipse
807 4093 844 4166 in
859 4087 1013 4167 Oriente
1029 4088 1226 4249 stubbs?
