2775 4792
218 404 494 501 tannim
517 424 659 495 ιιιιι
682 424 742 497 na
765 403 995 511 ommi·
1018 405 1126 499 Dan
1155 434 1213 514 nn

129 562 193 671 jus
214 595 258 649 ec
280 574 403 650 melius
425 592 446 647 a
468 571 555 647 Deo
573 571 678 649 dari·
720 570 897 666 neniquu-
913 575 1051 651 tum-it
1068 597 1212 672 eorpo-

131 677 185 751 ris
202 695 279 752 non
293 674 411 774 magni
426 675 564 768 homo,
592 672 852 772 &exiguarum
870 676 1025 770 virium,
1051 675 1086 751 u
1105 679 1207 754 vale-

132 775 269 849 tudinis
285 774 328 849 iit
341 771 526 869 infirme„
536 787 657 848 tamen
672 774 844 869 quoniam
860 774 921 861 id,
947 774 1049 871 quod
1063 776 1114 853 est
1132 798 1206 855 mu·

129 877 191 970 jus
211 876 378 970 accepit,
405 872 662 959 &instrutiior
682 874 736 951 est
754 875 1143 972 tutarieanimalibus,
1168 879 1206 955 it

131 977 315 1066 ornatior.
367 972 464 1050 Nam
481 995 563 1051 cum
581 973 716 1072 fragilis
742 975 1003 1072 imbecillisque
1026 975 1206 1075 nascatur,

134 1089 257 1151 tamen
283 1075 318 1149 δι
342 1078 491 1150 amutis
518 1075 685 1151 omnibus
708 1088 812 1150 tutus
839 1074 914 1171 est,
940 1078 975 1194 §z
997 1099 1041 1152 ea
1067 1079 1206 1177 omnint

134 1196 214 1269 quae
233 1172 396 1251 firmiora
411 1174 624 1270 minumum
644 1176 778 1253 etiamsi
789 1176 866 1251 vim
877 1179 957 1255 coeli
977 1177 1126 1253 fortiter
1145 1200 1208 1272 pa·

133 1278 300 1369 tiuntur,
323 1276 367 1351 ab
380 1277 529 1353 homine
543 1291 663 1353 tamen
681 1289 761 1351 tuta
778 1269 848 1354 effe
865 1298 942 1353 non
955 1276 1113 1375 possunt
1148 1279 1209 1355 Ita

131 1372 200 1470 fit,
227 1389 271 1450 ut
285 1374 364 1470 plus
383 1376 521 1453 homini
536 1378 706 1453 conferat
719 1378 838 1469 ratio,
864 1398 968 1470 quam
983 1392 1112 1456 natura
1128 1398 1211 1454 mu*
1281 1426 1286 1439 ι

131 1478 208 1565 tis3
243 1478 412 1568 quoniam
429 1477 467 1551 in
483 1478 578 1571 illis,
604 1478 723 1571 'neque
739 1478 951 1575 magnitudo
966 1479 1118 1570 virium,
1142 1498 1211 1553 ne·

133 1595 211 1668 que
235 1572 382 1651 firmitas
403 1579 574 1675 corporis
594 1575 738 1653 efficere
757 1576 899 1673 potest,
926 1580 1120 1670 quominus
1142 1590 1209 1654 aut

132 1676 388 1851 ouantimantur
412 1700 434 1752 a
454 1679 599 1774 nobie,¹
615 1691 694 1753 Ιιιιι
716 1677 847 1755 nostru
870 1674 1027 1774 subietia
1048 1677 1118 1753 sant
1139 1699 1209 1775 po·

133 1790 174 1851 te
208 1777 268 1853 ati.
506 1832 508 1836 >
598 1782 602 1839 ἔ
644 1800 647 1806 ·
701 1821 703 1825 >
1202 1794 1208 1833 2

150 1936 153 1943 .
210 1876 382 1973 Potestne
400 1877 509 1975 igitur
531 1880 678 1972 aliquis,
704 1897 787 1954 cum
812 1877 936 1952 videat
955 1876 1064 1954 etiam
1084 1877 1211 1953 bovea¹

133 1977 258 2069 lucas,
284 1991 347 2061 aut
366 1998 517 2068 equote*
530 1998 620 2056 cum·
633 1976 880 2057 immaniiiimit
909 1976 1017 2051 etiam
1043 1979 1213 2070 corpori<

136 2078 205 2151 bus
230 2099 272 2151 ac
294 2076 433 2151 viribus
457 2075 592 2152 seruire
616 2074 776 2171 homini,
803 2077 904 2174 queri
926 2076 973 2151 de
998 2072 1132 2172 opifice
1154 2098 1211 2155 re·

136 2197 218 2261 rum
236 2178 349 2270 Deo,
377 2178 476 2269 quod
492 2176 654 2268 modicas
675 2179 799 2271 uires,
826 2177 927 2271 quod
949 2198 1103 2271 parvum
1127 2197 1211 2251 nor·
1267 2268 1271 2275 ἱ

135 2298 206 2374 pus
223 2275 434 2374 acceperit?
458 2299 529 2352 nee
546 2275 725 2353 beneficia
738 2279 776 2353 in
791 2276 827 2353 se
841 2278 966 2351 divina
983 2298 1052 2372 pro
1071 2278 1211 2352 merito·

136 2377 303 2464 estimat,
329 2379 428 2470 quod
443 2378 495 2469 est
512 2379 663 2475 ingrati,
686 2393 768 2472 aut,
789 2391 838 2452 ut
851 2379 981 2451 'verius
1000 2379 1213 2472 loquamum

135 2476 260 2553 insani.
316 2476 445 2572 Plato,
477 2480 631 2573 athos,
658 2478 990 2574 credo‚»ingtatos
1009 2476 1212 2561 refelleret}

137 2590 277 2654 naturae
294 2580 421 2674 gratias
440 2579 534 2674 egit,
560 2577 660 2671 quod
681 2580 798 2652 homo
817 2590 930 2652 natus.
944 2573 1043 2652 esset.
1096 2575 1212 2676 Quod

140 2679 176 2753 δι
191 2675 306 2770 ipsum
320 2676 428 2769 quale
442 2676 485 2750 stt
496 2728 509 2770 ,
520 2768 522 2773 ,
534 2697 613 2749 non
630 2669 682 2749 est
698 2678 802 2770 hujus
815 2678 984 2749 ¹materie
992 2677 1211 2770 ponderare.
1261 2763 1265 2769 ¹

141 2783 296 2879 Quanto
315 2775 479 2867 meiius,
510 2772 550 2847 ἃ
575 2771 715 2868 sanius,
741 2773 801 2867 qui
827 2775 935 2853 sentit
959 2775 1213 2853 conditionem

115 2932 119 2937 -
140 2878 300 2953 hominis
315 2872 386 2948 effe
399 2876 609 2968 meliorem,
635 2894 740 2965 quam
756 2873 830 2967 isti,
849 2872 913 2966 qui
928 2874 963 2948 se
978 2875 1135 2969 pecudes
1151 2896 1214 2950 nae·

141 2988 206 3052 tos
230 2974 300 3050 effe
317 2978 531 3050 maluerunt
584 2978 690 3071 Quos
709 2973 734 3048 ii
757 2974 860 3049 Deus
878 2972 916 3047 in
940 2994 982 3047 ea
1002 2974 1102 3048 forte
1121 2994 1212 3049 cons

143 3077 300 3151 verterit
332 3075 519 3169 animalia,
544 3094 706 3166 quorum
737 3072 872 3149 sortem
895 3073 1093 3167 praeferunt
1126 3074 1214 3167 suae‚'

142 3176 216 3272 jaan
232 3173 398 3271 profeiio
425 3173 813 3270 cupiantnemigrare,
845 3173 1214 3271 magnisqueclamm

138 3280 246 3371 nibus
267 3274 517 3349 conditionem
535 3272 717 3366 pristinam
738 3271 925 3370 flagitent,
958 3274 1040 3366 quia
1063 3295 1140 3349 non
1161 3272 1215 3347 est

91 3372 95 3378 ’
147 3377 241 3451 tanti
262 3378 375 3451 robur
403 3393 446 3447 ae
467 3369 615 3448 firmitas
634 3374 840 3468 ¹corporis,
871 3387 915 3445 ut
938 3372 1061 3447 officio
1084 3374 1214 3470 lingum

142 3495 295 3570 careas,
329 3486 392 3548 aut
414 3475 536 3548 avium
553 3492 618 3565 per
638 3492 756 3547 aerem
777 3472 890 3546 libera
901 3466 1138 3558 discursatio,
1170 3485 1215 3545 ut

146 3578 313 3655 manibus
331 3574 512 3672 indigeas:
539 3575 618 3669 plus
639 3574 735 3648 enim
747 3570 1079 3665 manuspretium,
1107 3591 1214 3671 quam

147 3676 282 3753 levitas
297 3674 451 3767 ususque
469 3690 690 3767 pennarum,
713 3673 793 3766 plus
807 3673 948 3769 lingua,
975 3691 1079 3763 quam
1098 3671 1214 3763 totius

149 3777 320 3868 corporis
335 3774 530 3850 fortitudo.
567 3773 674 3868 „Quae
689 3773 796 3869 igitur
813 3773 967 3847 amentia
978 3768 1049 3862 est,
1073 3792 1116 3845 ea
1126 3791 1216 3868 prae·

144 3876 274 3974 ierne,
301 3894 399 3974 que,
421 3874 548 3954 iidata
562 3871 653 3972 sent,
679 3874 846 3985 acoipere
859 3867 1064 3951 tenetes?
1145 3929 1148 3933 ·
1206 3920 1209 3925 -

861 4144 865 4151 ’
935 4122 938 4127 ’
1011 4124 1226 4253 emur
