2775 4792
179 389 227 493 ιι
261 375 530 480 Lucilium
554 369 775 463 Ειιιιοιιι
797 406 950 462 numu..
968 363 1227 494 ¹lusui-uum
1269 471 1274 487 ..

145 605 147 609 .
181 544 314 622 Amisia
329 547 424 621 enim
437 546 510 637 Dei
524 547 676 638 notitia,
694 539 818 619 &un'o
831 547 897 620 illo
913 543 1063 622 uinculo
1079 550 1239 632 hummae

181 644 365 721 societatis
379 649 567 740 abrupto,
585 643 739 720 vastare
744 641 980 740 seinvicem,
1000 649 1169 741 praedari,
1193 663 1238 723 'ac

180 746 361 821 debellate
376 761 570 837 coeperumt.
618 745 768 848 Quodsi
783 743 911 820 sursum
927 751 1055 822 oculos
1071 747 1152 821 suos
1167 752 1239 821 tol-

178 844 323 938 lerent,
350 868 394 918 ac
404 844 550 917 Deum
539 853 784 937 intuerentur,
812 847 870 937 qui
890 867 953 919 eos
977 848 1019 918 ad
1039 846 1236 946 adspebiqm

158 933 263 1018 ‘coeli
278 944 398 1035 suique
413 946 612 1037 excitavit,
638 964 829 1037 nunquam
832 943 867 1018 se
881 967 1014 1018 curvos
1036 945 1069 1018 δι
1083 941 1235 1020 humile's
1256 986 1260 992 ·

178 1042 341 1118 facerent
363 1055 506 1116 terrena
532 1043 765 1135 venerando,
793 1045 946 1136 quoium
960 1044 1146 1121 stultitiam
1164 1048 1235 1120 Lu·

180 1144 312 1217 cretius
330 1143 487 1239 graviter
502 1141 659 1264 incusat,
682 1143 824 1217 dicens:
1274 1171 1275 1175 ι

160 1381 162 1386 Ι
281 1292 331 1363 Et
349 1289 486 1384 faciunt
508 1296 629 1363 animos
653 1291 786 1364 humiles
802 1291 983 1386 formidine
1006 1295 1131 1379 divum
1229 1355 1233 1361 .

196 1393 203 1399 “
279 1388 502 1489 Depreffosque
520 1408 672 1488 premunt
696 1393 737 1464 ad
761 1408 892 1480 terram,

178 1558 248 1631 qua
263 1539 428 1613 reddunt.
465 1538 549 1613 Nec
564 1540 788 1635 intelliffgunt
809 1539 913 1632 quam
929 1560 1060 1634 vanum
1075 1542 1117 1615 sit
1133 1545 1173 1615 eu
1190 1544 1235 1616 ti·

178 1658 277 1712 mere
300 1660 378 1731 quae
402 1637 561 1732 feceris„
581 1649 642 1712 aut
662 1644 706 1712 ab
729 1640 784 1712 his
803 1641 947 1732 aliquod
965 1640 1104 1732 sperare
1120 1644 1233 1735 praefi·

179 1738 298 1831 dium,
323 1759 400 1829 quae
415 1752 513 1812 muta
531 1738 809 1832 &insensibilia,
834 1759 903 1813 nec
918 1739 1064 1833 vident,
1090 1764 1157 1814 nec
1176 1751 1244 1815 ιιι·

178 1837 282 1910 ‘diubt
305 1836 574 1934 supplicantem:
621 1838 719 1935 Quid
745 1858 831 1934 ergo
858 1838 1045 1931 majestatis
1077 1841 1147 1919 aut'
1169 1863 1240 1913 nu·-

177 1937 281 2022 minis
300 1938 432 2010 habere
452 1936 615 2031 poliunt,
642 1958 720 2031 quae
736 1936 768 2009 bu
782 1938 927 2011 fuerunt
943 1941 980 2013 in
995 1940 1148 2013 hominis
1167 1963 1233 2031 po·

177 2035 305 2111 testate
321 2058 368 2125 ne
387 2033 537 2130 fierent,
564 2052 624 2110 aut
633 2049 681 2112 ut
698 2036 792 2111 aliud
805 2035 967 2129 fierent
983 2038 1111 2113 &sunt
1122 2044 1233 2114 etiam

176 2153 287 2229 nuuc.
315 2131 442 2208 Nam
473 2136 506 2207 &
538 2137 690 2229 violari,
731 2136 889 2212 &furto
920 2138 1045 2212 sublati
1075 2139 1232 2230 possunt,

161 2235 249 2309 'nisi
265 2235 324 2307 illa
345 2234 455 2306 &lex
478 2233 587 2329 sepiat
608 2236 642 2308 δι
661 2236 815 2310 humana
835 2235 1001 2310 custodia
1055 2236 1181 2310 Νιιιιι
1171 2239 1234 2333 igi·

157 2342 237 2408 'tur
266 2334 395 2407 mentis
427 2332 494 2406 suae
525 2355 676 2430 compos
702 2336 821 2409 uideri
839 2336 986 2429 ffputest
1020 2337 1079 2429 qui
1102 2338 1232 2411 talibus

177 2433 332 2527 optimas
357 2432 515 2506 viuimas
539 2435 663 2528 oaedit,
698 2433 799 2506 dona
819 2433 1023 2525 consecrat,
1059 2435 1238 2529 pretiosas'

162 2531 296 2626 ¹uestes
318 2529 452 2623 offert,
491 2534 583 2624 quasi
605 2489 663 2607 uti,
683 2534 836 2625 possint
870 2535 928 2626 qui
949 2549 1053 2608 motu
1080 2534 1231 2607 carent?

151 2676 153 2679 Δ
175 2630 316 2706 Merito
340 2651 427 2727 ergo
445 2630 639 2725 Dionysius
658 2631 786 2705 Siciliae
802 2631 995 2725 Tyrannus
1013 2632 1116 2707 Deos
1135 2634 1232 2707 Gr'ae-

178 2733 262 2825 eiu,
290 2752 465 2806 cumeum
484 2729 600 2806 v'iiior
618 2730 844 2825 occupasset,
871 2731 1088 2828 spoliavitut
1091 2753 1158 2825 que
1173 2735 1232 2805 de-

177 2831 231 2903 ris
236 2845 271 2921 t
300 2831 437 2924 &post
461 2830 657 2929 sacrilegia,
684 2853 761 2923 quae
781 2831 986 2923 admiserat,
1013 2834 1056 2905 ad
1077 2833 1231 2907 Siciliam

150 2928 347 3022 -prospera
372 2932 604 3023 navigatione
631 2932 832 3016 remeavit,
866 2951 1086 3026 regnumque
1116 2935 1233 3006 tenuit

159 3049 289 3119 usque
317 3028 360 3099 ad
380 3026 604 3103 seneuiitem.
655 3027 737 3103 Nec
764 3050 846 3102 eum
866 3030 927 3102 Dii
954 3031 1080 3106 violati
1102 3034 1230 3125 punire

175 3140 386 3221 potuerunt.

206 3230 393 3327 Quanto
408 3224 510 3300 satius
522 3227 572 3301 est
574 3226 719 3322 spretis
730 3228 907 3319 manibus,
918 3227 962 3300 ud
974 3223 1090 3301 Deum
1101 3226 1134 3302 se
1145 3249 1232 3302 con

176 3340 336 3417 vertere,
351 3340 442 3398 tueri
434 3325 592 3419 statum,
608 3347 711 3421 quem
723 3350 742 3400 a
752 3326 835 3400 Deo
850 3328 1044 3419 acceperis,
1059 3323 1151 3400 tueri
1166 3349 1232 3401 no·
1249 3344 1252 3348 ·

176 3448 270 3504 men.
296 3424 437 3499 Idc1rc0
450 3448 542 3500 emm
553 3427 755 3528 ανθρωπος,
767 3448 847 3517 qum
859 3425 989 3499 sursum
1005 3424 1148 3519 spellat,
1163 3448 1231 3499 no·

176 3521 342 3608 minatur.
392 3524 533 3599 Sursum
546 3543 662 3601 autem
676 3524 829 3619 suebat,
847 3547 906 3618 qui
898 3527 1035 3598 Deum
1053 3535 1178 3600 verum
1196 3525 1230 3598 bt
1257 3565 1274 3590 ι

175 3625 326 3716 vivum,
352 3625 411 3716 qui
427 3624 477 3696 est
495 3626 530 3697 in
547 3630 661 3716 coelo,
689 3624 847 3717 suspicit,
875 3624 935 3716 qui
951 3620 1148 3717 artificem,
1168 3629 1229 3717 qui

175 3738 360 3813 parentem
379 3724 501 3796 animae
520 3724 587 3797 suae
600 3746 676 3798 non
690 3725 802 3798 modo
822 3723 920 3796 sensu
938 3745 979 3795 ac
999 3738 1139 3816 mente,
1167 3747 1228 3798 ve·

176 3841 254 3892 rum
282 3824 387 3895 etiam
410 3826 513 3896 vultu
540 3824 572 3895 δι
595 3825 711 3897 oculis
730 3822 935 3898 sublimibus
960 3823 1095 3913 quaerit.
1154 3822 1226 3920 Qui

176 3934 295 3991 autem
315 3919 349 3991 se
366 3925 515 3996 terrenis
536 3924 796 4014 humilibusque
817 3921 1022 4013 substernit,
1049 3923 1173 4032 utique
1186 3921 1226 3991 il·

174 4019 254 4093 lud
250 4021 356 4114 quod
376 4020 426 4104 est
445 4022 594 4098 inferius
615 4024 677 4110 sibi
695 4020 865 4119 prusert.
907 4018 1024 4118 Nam,
1051 4039 1133 4102 cum
1150 4016 1238 4114 ipsu

249 4180 252 4194 ,
329 4193 331 4195 ,
1080 4135 1173 4213 opus
