2775 4792
229 394 505 495 anssuntt
523 414 675 493 stan-
691 435 751 492 na
776 414 993 495 0n1ste1o
1016 416 1118 499 Dst.
1155 445 1208 524 99
1260 504 1263 509 ,

138 593 247 677 putet
264 581 300 655 in
317 577 559 653 machinandis
574 578 783 671 animalibus
797 599 875 653 non
885 595 975 663 ..ante
990 584 1202 683 providisse,

140 703 219 775 quae
234 680 278 753 ad
298 680 498 754 vivendum
525 676 718 756 necessaria
738 666 871 775 essent,
897 702 1002 773 quam
1024 683 1131 777 ipsam
1149 689 1204 761 vi·

138 796 211 855 tam
235 778 365 854 daret‘i
442 799 496 855 uae
517 780 644 871 utique
669 778 835 857 constare
861 802 939 856 non
961 781 1101 881 puiset,
1136 786 1203 863 nisi

136 882 233 976 prius
250 877 413 954 essedae
441 892 504 953 ent
518 881 646 969 quibus
662 879 816 957 constat.

137 990 141 1074 j
211 981 372 1052 Videbat
389 978 497 1075 igitur
514 975 694 1072 Epicurus
710 980 748 1053 in
766 981 984 1079 tenporibus
1000 984 1202 1061 animalium
1216 1020 1221 1029 ·

135 1078 270 1159 divinae
286 1074 649 1169 rationissolettiam:
670 1076 731 1151 sed
746 1094 787 1153 ut
801 1078 980 1175 efficeret,
1001 1084 1102 1175 quod
1117 1098 1202 1159 ante

136 1178 385 1274 imprudenter
402 1173 645 1271 assumpserat,
670 1178 803 1271 adjecit
817 1180 916 1269 aliud,
926 1181 1200 1259 deliramentum

135 1277 312 1372 superiori
334 1284 548 1373 congfuens.
598 1277 704 1349 Dixit
722 1279 842 1371 enim,
866 1276 985 1372 ne'que
1007 1285 1138 1356 oculos
1156 1283 1202 1359 ad
1225 1294 1231 1318 ¹

134 1379 334 1451 videndum
347 1374 417 1449 ¹esse
431 1390 556 1455 natos,
575 1394 693 1468 neque
707 1397 810 1452 aures
824 1378 868 1451 ad
883 1381 1118 1477 audiendum,
1139 1403 1202 1457 ne-

137 1499 211 1570 que
238 1477 346 1571 pedes
369 1477 412 1549 ad
438 1476 716 1569 ambulandum,
749 1478 918 1569 quoniam
941 1485 1100 1555 membra
1121 1483 1200 1557 haec
1304 1516 1306 1521 v

136 1578 237 1673 ptius
253 1574 336 1649 nata
350 1574 448 1668 sunt,
465 1596 571 1669 quam
585 1572 672 1649 esset
685 1573 767 1648 usus
781 1576 950 1673 videndi,
972 1579 1200 1677 &audiendi

138 1676 175 1749 ἀ
197 1675 415 1752 ambulandi:
439 1672 500 1749 sed
522 1674 652 1748 horum
676 1675 798 1750 omnia
821 1674 939 1750 officia
960 1701 1005 1753 ex
1025 1682 1117 1755 natis
1140 1690 1203 1757 ex'·

136 1773 255 1853 titisse.
306 1776 473 1866 Vereor,
498 1795 546 1847 ne
559 1774 765 1867 hujusmodi
778 1790 974 1872 portenta,
1001 1779 1202 1857 &ridicula

135 1875 315 1969 refutare,
340 1896 418 1949 non
436 1873 552 1951 minus
571 1875 734 1967 ineptum
754 1872 834 1949 esse·
846 1877 1024 1957 uideatur.
1073 1880 1145 1956 Sed
1161 1882 1202 1957 li.

126 1976 202 2051 “bet
216 1975 394 2068 ineptire,
421 1975 589 2065 quoniam
604 1995 684 2047 cunt
697 1974 826 2066 inepto
842 1975 998 2070 agimus,
1027 1999 1075 2052 ne
1089 1978 1125 2054 se
1140 1981 1204 2063 ille

137 2075 244 2153 nimis
259 2090 423 2170 argutum
438 2085 554 2165 putet.
606 2072 705 2168 Quid
719 2077 787 2161 ais,
799 2072 991 2169 Epicurei-
1012 2076 1105 2152 Non
1120 2076 1204 2153 sunt

138 2174 395 2273 adsidendum
415 2174 514 2245 ocuii
529 2170 630 2246 nati?
656 2170 731 2244 Cur
744 2173 850 2271 igitur
867 2175 1025 2251 vident?
1058 2177 1203 2273 Postea,

137 2276 276 2368 inquit,
312 2271 394 2347 usus
420 2291 548 2347 eorum
576 2275 749 2367 apparuit
801 2274 960 2349 Videndi
984 2298 1073 2377 ergo
1099 2280 1209 2353 causa-

137 2375 215 2451 nati
229 2372 327 2463 sunt3
352 2370 523 2465 siquidem
537 2370 788 2466 nihilpoiiunt
800 2374 919 2471 aliud,
942 2397 1047 2469 quam
1063 2378 1202 2457 videre.

134 2473 231 2551 'Item
246 2475 404 2549 membra
419 2487 570 2565 cetera,
597 2475 699 2566 cujus
715 2473 768 2547 rei
785 2471 887 2547 causa
901 2491 986 2550 nata
1000 2475 1103 2569 sunt,
1129 2476 1204 2574 ipse

138 2572 222 2649 usus
239 2573 413 2646 ostendit:
439 2572 498 2662 qui
511 2573 637 2662 utique
656 2574 759 2645 nullo
772 2572 886 2661 modo
903 2574 1022 2669 posset
1037 2575 1204 2671 existere,

138 2675 204 2749 nist
229 2670 341 2745 essent
357 2672 515 2745 membra
532 2673 653 2743 omnia
675 2684 747 2744 tam
765 2672 956 2768 ordinate,
988 2688 1062 2750 tam
1079 2676 1205 2770 provi·

140 2774 273 2848 denter
288 2766 435 2850 effesta,
460 2783 502 2843 ut
518 2765 616 2842 usum
633 2766 778 2862 possent
794 2770 937 2847 habere.

137 2952 140 2959 ,
215 2871 313 2972 Quid
330 2868 438 2961 enim,
453 2867 478 2942 ii
491 2868 587 2943 dicas
603 2889 690 2943 aves
705 2889 781 2942 non
797 2869 842 2943 ad
856 2871 1053 2948 volandum
1061 2870 1132 2949 eise
1144 2896 1207 2951 na-

140 2987 224 3065 tas,
247 2990 364 3063 neque
379 2966 472 3042 seras
492 2964 791 3062 atsaeviendum,
817 2990 935 3063 neque
949 2970 1063 3067 pisces
1083 2974 1128 3049 ad
1143 2997 1207 3053 na·

142 3070 316 3162 tandum,
341 3090 458 3160 neque
480 3062 646 3143 homines
670 3067 715 3141 ad
736 3067 959 3163 sapiendum3
994 3093 1076 3148 cum
1098 3096 1205 3168 appa-

139 3186 222 3247 teat
236 3170 268 3243 ei
282 3182 436 3261 natura,
456 3166 651 3259 officioque
664 3166 799 3241 servire
811 3170 1026 3263 animantes,
1045 3172 1089 3247 ad
1103 3175 1203 3266 quod

142 3270 195 3345 est
206 3289 354 3362 quaeque
364 3266 558 3364 generata?
575 3264 645 3341 Sed
659 3268 831 3343 videlicet
843 3271 904 3361 qui
918 3270 1085 3362 summam
1094 3272 1204 3366 ipsam

142 3370 307 3446 veritatis
332 3366 462 3461 amifit,
487 3364 623 3459 semper
649 3380 746 3440 errat
769 3367 910 3444 necesse
934 3369 996 3448 est.
1045 3370 1083 3445 Si
1108 3372 1204 3445 enim

142 3490 221 3553 non
237 3468 489 3563 providentia,
514 3464 574 3539 sed
591 3465 754 3540 fortuitis
775 3483 981 3544 atomorum
996 3469 1204 3545 concursio·
1222 3468 1230 3487 ’“

143 3570 250 3645 nibus
267 3564 458 3642 nascuntur
469 3567 599 3655 omnia,
615 3586 679 3639 cur
697 3587 877 3658 nunquam
889 3567 1046 3646 fortuito
1057 3569 1203 3665 accidit,

143 3667 195 3744 fic
210 3669 308 3741 coire
323 3668 384 3740 ilia
399 3666 593 3760 principia3
617 3680 660 3740 ut
672 3663 856 3741 efficerent
872 3670 1002 3753 animal
1012 3669 1203 3764 ejusmodi,

146 3764 248 3861 quod
263 3767 405 3841 naribus
421 3766 545 3860 potius
561 3766 722 3863 audiret,
742 3768 960 3841 odoraretur
978 3766 1118 3862 oculis,
1139 3790 1204 3843 au·

143 3869 247 3943 ribus
262 3865 451 3941 cerneret?
477 3865 512 3939 Si
532 3867 626 3939 enim
646 3867 841 3960 primordia
857 3869 991 3940 nullum
1008 3887 1118 3965 genus
1136 3890 1204 3963 po·

143 3966 285 4047 fitionis
311 3965 536 4063 inexpertum
561 3967 796 4059 relinquunt,
835 3967 1001 4059 oportuit
1024 3966 1202 4061 ejusmodi

146 4066 313 4168 quotidie
326 4064 483 4143 munitm
497 4067 706 4240 generati,G
714 4067 756 4239 in
767 4065 893 4159 quibus
908 4064 942 4141 s
959 4070 1221 4234 memissa&
