2775 4792
167 433 438 513 Lucrsrsrrr
461 424 679 522 Euro-uu
705 411 856 506 orvnt.
880 425 1123 538 lrssrrrum
1150 411 1249 530 '⁵73‘-

92 598 112 630 ³'
147 619 215 675 nec
237 597 377 684 erilium
394 595 547 688 metuit,
571 613 640 667 nec
654 592 1113 692 carcerem-perhorrescit,
1136 617 1216 682 nec.

92 681 109 730 ³
148 702 313 774 dolorem
346 685 599 784 reformidat,¹
633 712 704 765 nec
735 705 891 767 mortem
926 691 1089 769 recusat:
1129 719 1210 791 quae

92 781 111 831 ²
148 801 228 894 quia
249 811 384 886 uaturae
414 792 594 866 contraria
611 789 719 882 sunt,
752 805 814 865 aut
836 789 985 869 stultitia
1004 794 1057 869 est
1075 796 1207 890 virtus,

92 881 111 931 ²
147 895 218 974 t&
237 894 432 973 commoda
454 891 624 987 impedit,
651 892 790 965 &vitae
805 906 938 982 nocet3
971 894 1077 969 autfi
1097 895 1208 973 stulti·

92 960 113 1031 'd
146 1000 196 1073 tia
213 1017 292 1072 non
309 995 382 1087 est,
409 1014 494 1090 ergo
514 992 630 1068 anima
647 992 859 1066 immor-talis
878 991 947 1078 est,
971 993 1107 1069 &ideo
1120 1018 1208 1090 pra·

92 1082 113 1133 ³'
128 1187 131 1196 Ι
146 1096 256 1190 sentia
271 1100 372 1170 hona
390 1092 609 1188 contemnit,
637 1090 819 1187 quia'sunt
843 1092 910 1166 alia
930 1095 1102 1192 potiora,
1129 1117 1208 1190 quae

92 1182 112 1251 ¹⁵
145 1197 225 1294 post
258 1193 527 1269 diliolutionem
560 1191 727 1286 corporis
759 1190 810 1265 sui
836 1189 1048 1286 all'equatur.
1112 1195 1210 1274 Illud

92 1281 112 1332 ¹⁵
145 1301 254 1374 etiam
279 1294 470 1370 maximum
495 1308 744 1389 argumentum
768 1292 1071 1387 immortalitatis,
1106 1296 1215 1391 quod.

92 1380 112 1473 Ρ
144 1397 274 1474 Deum..
286 1392 378 1467 solus
397 1393 510 1469 homo
528 1390 700 1489 agnoscit
750 1389 794 1466 In
813 1395 921 1467 mutis
936 1398 1034 1474 nulla
1053 1393 1207 1491 suspicio

92 1481 112 1539 ἱ·
143 1494 346 1593 Religionis
363 1491 433 1588 est,
461 1494 541 1585 quia
559 1508 704 1565 terrena
719 1488 820 1583 sunt,
845 1491 883 1566 iu
898 1506 1099 1587 terramque
1119 1518 1207 1592 prov

92 1579 107 1630 ¹
142 1597 266 1672 strata.
315 1594 440 1668 Homo
460 1593 547 1666 ideo
567 1590 685 1664 retius
710 1587 833 1684 aspicit
850 1596 1001 1688 coelum,
1026 1608 1069 1668 ut
1085 1595 1207 1674 Deum

92 1679 105 1730 ᾗ
143 1707 291 1789 quaerat.
340 1694 379 1768 N
382 1715 432 1767 on
447 1690 572 1789 potest·
580 1693 692 1789 igitur
707 1712 784 1765 non
802 1690 871 1766 elie
886 1694 1118 1790 immortalis,
1144 1698 1212 1789 qui-

92 1799 102 1814 '
144 1796 382 1871 immortalem
397 1793 583 1869 defiderat.
617 1791 845 1888 Nompotest
860 1793 930 1870 elle
946 1794 1127 1888 solubilis,
1145 1797 1207 1890 qui

146 1917 225 1970 cum
242 1894 381 1967 Deo&
399 1895 524 1986 vultu,
551 1891 586 1966 tc
608 1905 734 1968 mente
758 1896 959 1969 communis
982 1894 1044 1968 est.
1094 1894 1208 1971 Deni-

92 2062 95 2081 ,
147 2017 213 2088 que
239 1994 373 2067 coelesti
394 1994 611 2089 elemento,
633 1991 732 2084 quod
751 1990 803 2066 est
823 1992 942 2092 iguis,
973 1995 1087 2069 homo
1111 1993 1207 2072 solus

120 2096 270 2168 utitur.
335 2091 371 2164 Si
393 2092 489 2168 enim
511 2092 574 2164 lux
600 2094 842 2188 perignem,
867 2094 945 2169 vita
972 2116 1040 2190 per
1073 2096 1206 2192 lucem,

146 2207 295 2290 apparet
310 2213 414 2287 eum,
441 2193 502 2287 qui
515 2189 614 2267 usum
630 2193 720 2289 ignis
738 2193 868 2290 habet,
893 2216 971 2269 non
986 2192 1056 2270 effe
1073 2210 1222 2271 morta·-

145 2296 237 2390 lem,
265 2292 434 2386 quoniam
448 2293 484 2367 id
498 2292 550 2380 illi¹
562 2294 787 2388 proximum,
807 2295 843 2370 id
859 2294 1029 2372 familiare
1045 2295 1114 2387 est,
1131 2295 1206 2376 line

101 2451 105 2484 ,
147 2415 219 2488 quo
238 2415 315 2468 non
328 2392 468 2487 potest,
494 2414 564 2467 nec
578 2393 641 2468 lux
659 2395 823 2470 nescita
838 2395 1013 2472 constare.

99 2487 105 2566 l
217 2493 290 2578 Sed
311 2493 394 2586 quid
414 2495 630 2591 argumentis
651 2495 854 2592 colligimus
876 2507 1026 2590 aeternas
1046 2494 1116 2569 effe
1131 2497 1208 2572 ani·
1264 2544 1268 2552 -

99 2677 101 2684 ,
144 2616 237 2677 mas,
265 2614 372 2686 quum
386 2594 577 2688 habeamus
594 2591 799 2668 testimonia
814 2594 965 2670 divina?
990 2595 1031 2669 ld
1047 2598 1141 2670 euim
1157 2593 1208 2670 sa·

98 2737 104 2786 ι,
146 2716 211 2768 crae
237 2695 369 2768 litterae
391 2714 432 2765 ac
454 2714 571 2766 voces
594 2691 858 2786 Prophetarum
882 2695 1029 2770 docent.
1091 2692 1208 2793 Quod

97 2793 100 2808 ³
144 2793 168 2870 fr
182 2795 242 2868 cui
254 2805 379 2888 parum
392 2791 552 2884 videtur,
567 2793 664 2887 legat
678 2793 833 2865 carmina
846 2791 1074 2886 Sibyllarum,
1091 2795 1207 2887 Apol-

143 2895 227 2972 linis¹
242 2913 388 2986 quoque
403 2891 534 2966 Milefii
549 2887 715 2985 responsa
729 2891 951 2983 confiderem
976 2904 1017 2965 ut
1030 2894 1207 2991 intelligat

144 2991 305 3068 deliralie
318 2992 588 3086 Democritum,
605 2987 871 3088 &Epicurum,
891 2991 1205 3090 &Dicaerchum

96 3141 99 3150 -
143 3096 202 3188 qui
227 3094 294 3167 soli
317 3093 475 3167 omnium
495 3094 725 3186 mortalium,
751 3093 851 3185 quod
871 3092 923 3169 est
943 3094 1115 3188 evidens,
1143 3117 1207 3169 ne·

93 3231 95 3238 ·
142 3206 332 3294 gaverunt.
393 3189 615 3267 Confirmata
638 3193 934 3292 immortalitate,
967 3191 1208 3287 llrperest'do·

143 3315 251 3387 cere,
279 3314 299 3367 a
325 3314 425 3386 quo,
460 3289 675 3385 &quibus,
709 3291 744 3365 bc
766 3295 977 3386 quomodo,
1005 3293 1205 3387 &quando

92 3419 95 3444 ²
142 3392 349 3468 tribuatur?
383 3396 503 3490 Quum
521 3406 622 3466 certa
645 3391 679 3464 ἃ
703 3392 898 3467 constituta
919 3392 1093 3468 divinitus
1117 3407 1208 3469 tem·

141 3512 235 3590 pora
253 3493 428 3586 compleri
454 3493 645 3585 coeuerint,
672 3492 856 3568 interitum
876 3491 911 3566 ἃ
930 3493 1207 3568 consummatio·

140 3615 230 3668 nem
254 3613 373 3668 rerum
396 3590 477 3665 fieri
501 3590 641 3666 necelle
664 3590 747 3688 est,
777 3605 821 3666 ut
842 3594 1041 3669 innovetur
1072 3614 1092 3664 a
1118 3590 1205 3668 Deo
1305 3661 1308 3676 ,

136 3687 307 3780 munros.
359 3692 401 3766 Id
419 3711 511 3766 vero
532 3706 672 3787 tempus
689 3694 726 3776 in
746 3693 917 3788 proximo
935 3692 1006 3785 est,
1034 3705 1206 3782 quantum

142 3793 188 3869 de
213 3812 366 3888 numero
394 3812 600 3884 annorum,
633 3792 750 3886 deque
774 3791 906 3892 signis,
939 3813 1017 3886 quae
1040 3791 1206 3885 pradilia

141 3893 224 3967 sunt
247 3915 268 3966 a
287 3890 510 3988 Prophetis,
529 3891 650 3988 colligi
671 3891 804 3987 potest.
854 3888 925 3966 Se'd
945 3910 1054 3981 quum
1068 3891 1134 3967 fint
1149 3895 1206 3965 in·

93 4075 94 4080 g
141 3990 394 4088 numerabilia,
418 4013 495 4083 quae
510 3992 555 4067 de
570 3986 642 4065 fine
657 3988 795 4086 seculi,
817 3993 851 4065 δι
867 3990 1099 4066 conclusione
1116 4006 1206 4064 tem·

141 4112 274 4190 porum
296 4087 388 4190 ditia
406 4090 509 4200 sunt,
542 4113 586 4167 ea
606 4089 680 4189 ipsa
701 4112 780 4198 qua
795 4092 999 4196 dicuutur,
1021 4093 1126 4200 oola
1137 4108 1216 4264 §o-

443 4199 454 4210 '
574 4215 577 4220 ·
743 4201 745 4205 ’
1056 4210 1142 4272 usu
1161 4209 1192 4264 a

468 4449 800 4493 *affl-u
