2775 4792
440 451 459 502 a
503 395 591 505 ssDr
622 426 836 554 Pascua.
1136 454 1206 527 257
1293 463 1296 468 ·

125 618 127 624 ·
176 616 222 691 75
247 594 372 670 Redde
388 604 485 690 tuam
504 594 653 691 facient,
679 592 828 666 videant
844 604 884 665 ut
900 592 1015 670 secula
1036 602 1177 689 lumen3

296 696 422 769 Redde
436 694 547 784 diem,
576 695 635 784 qui
650 713 738 786 nos,
764 708 802 766 te
815 698 1012 784 moriente,
1040 695 1141 795 sugit.
1188 789 1200 797 ἱ
1252 789 1258 796 .

245 795 316 870 Sed
340 796 446 887 plane
470 791 619 887 implesti
642 793 853 886 remeans'e·
871 796 929 888 pie
952 794 1069 870 vietor
1089 802 1209 910 olym⁸

499 917 501 922 ·
812 916 920 988 pum:
983 911 1013 950 ··

297 991 451 1068 Tartara
466 992 576 1086 prelia
589 994 713 1085 jacent
723 1027 741 1087 ,·
763 1015 831 1068 nec
848 994 904 1066 sua
915 998 995 1087 jura
1015 1009 1153 1075 tenent.
1282 1027 1286 1032 ·

141 1111 143 1116 ·
248 1093 386 1167 inferus
400 1092 671 1184 insaturabiliter
688 1103 777 1169 ca'v'a
796 1107 940 1190 guttura
956 1097 1129 1191 pandens,

172 1204 221 1275 80
297 1195 370 1290 Qui
391 1208 530 1286 raperet
549 1192 705 1291 semper,
732 1194 1001 1289 staua-praeda,
1029 1195 1141 1273 Deus.

248 1292 365 1387 Eripis
382 1295 603 1393 innumerum
618 1297 792 1388 populum
810 1295 1015 1380 deearcer'e
1034 1299 1184 1395 mortis3

293 1391 344 1464 Et
360 1391 515 1485 sequitur
527 1394 638 1487 liber,
667 1413 739 1485 quo
756 1392 835 1466 suus
852 1396 982 1468 author
997 1396 1082 1471 abis.
1243 1451 1245 1456 -

151 1527 154 1532 ,
247 1490 398 1565 Evomit
411 1490 610 1584 absorptam
627 1494 759 1586 pavide
777 1494 853 1565 fera
867 1495 985 1567 bellua
1005 1497 1168 1588 plebem;
1263 1525 1266 1530 ·

186 1627 193 1672 μ
298 1575 406 1663 we
420 1591 523 1664 fauce
537 1593 611 1687 lupi
628 1591 923 1688 subtrabitagnus
941 1615 1044 1668 oves.
1131 1596 1140 1664 ζ

174 1700 219 1779 85
243 1691 339 1765 Hinc
360 1696 533 1766 tumulum
552 1691 835 1862 repetensposts
844 1700 999 1792 tartara,
1026 1689 1133 1796 carne
1148 1711 1202 1782 re-

831 1812 885 1862 um
907 1805 982 1864 ta¹
1259 1813 1262 1817 “

295 1889 450 1985 Belliger
465 1890 508 1962 ad
525 1892 634 1964 coelos
658 1892 772 1982 ampla
789 1817 1104 1984 tropliaea’refers„

249 1992 355 2087 Quos
370 1989 493 2060 habuit
505 1993 643 2080 poenale
659 1990 885 2082 chaoi‚'³jem
901 1990 1054 2080 reddidit
1065 1987 1149 2078 iste;

180 2133 184 2142 ·
298 2084 347 2158 Et
365 2107 455 2178 quos
470 2099 565 2161 murs
582 2103 742 2179 peteret,
770 2089 837 2161 hos
854 2109 954 2161 nova
970 2092 1045 2161 vita
1063 2103 1176 2164 tenet.
1275 2161 1278 2180 ,

248 2188 329 2262 Rex
349 2184 466 2271 sacer,
493 2208 579 2260 ecce
595 2190 646 2259 tui
666 2188 778 2260 radiat
791 2207 870 2279 pars
890 2211 1014 2283 magna
1032 2189 1199 2290 trophaei,

136 2304 138 2307 ·
173 2308 222 2383 90
242 2373 244 2378 ι
290 2286 379 2358 Cum
396 2306 499 2379 puras
521 2289 650 2367 animas
664 2285 759 2360 saera
774 2289 917 2362 lavacra
930 2291 1049 2363 beant.
1075 2308 1077 2314 ’

249 2384 427 2459 Candidus
444 2387 622 2481 egreditur
637 2388 757 2459 nitidis
772 2391 951 2459 exereitus
968 2389 1092 2476 undis;

299 2484 420 2577 Atque
436 2501 543 2557 vetus
560 2487 687 2558 vitium
707 2501 834 2580 purgat
847 2486 884 2557 in
901 2506 1002 2557 amne
1017 2506 1133 2560 novo.

245 2584 437 2680 Fulgentes
448 2587 577 2655 animas
593 2585 699 2657 vestis
719 2601 863 2675 quoque
881 2585 1028 2657 candida
1043 2584 1175 2679 srgnat3
1258 2612 1262 2620 ·

299 2682 348 2753 Et
361 2702 468 2795 grege
486 2683 530 2751 de
546 2683 657 2755 niveo
677 2683 801 2780 gaudia
814 2681 934 2773 pastor
949 2686 1068 2758 babet.

174 2806 197 2878 9
201 2806 221 2873 5
249 2778 404 2852 Additur
417 2782 483 2855 hac
498 2779 599 2852 Felix
618 2801 775 2855 concors
792 2781 957 2854 mercede
971 2780 1151 2877 sacerdos,

297 2881 374 2978 ¹Qui
390 2881 473 2953 dare
488 2882 567 2952 vult
580 2882 729 2954 domino
743 2880 848 2972 dupla
863 2884 998 2980 talenta
1019 2880 1094 2974 suo.

250 2975 309 3051 Ad
324 2982 472 3053 meliora
493 2981 637 3054 trahens
653 2982 777 3076 gentili
795 2992 919 3055 errore
932 2996 1115 3078 vagantes.

293 3079 409 3153 Bestia
420 3102 466 3153 ne
480 3094 640 3173 raperet,
666 3082 781 3154 munit
796 3082 896 3152 ovile
912 3081 993 3154 Dei.

249 3181 354 3279 Quos
379 3181 475 3274 prius
500 3176 581 3251 Eva
604 3199 743 3262 nocens
766 3180 957 3276 infecerat,
991 3180 1059 3255 hos
1084 3182 1197 3258 modo

814 3281 931 3353 reddit

152 3402 222 3455 100
297 3372 463 3449 Ecclesiae
476 3375 595 3472 pastor
608 3378 719 3451 ubere
733 3376 821 3452 tane
836 3381 920 3454 finu.
1084 3449 1089 3456 .

247 3469 400 3552 Mitibus
415 3478 577 3568 alloquiis
593 3476 761 3574 aggrestia
777 3478 888 3552 corda
903 3476 1074 3571 colendo,

297 3577 453 3651 Munere
466 3576 594 3649 Felicis
611 3579 654 3650 de
670 3590 878 3670 veprenata
895 3578 1002 3674 seges.

251 3675 385 3770 Aspera
418 3697 504 3773 gens
538 3675 632 3749 Saxo
649 3729 664 3772 ¹,
687 3725 692 3754 -.
711 3678 840 3752 vivens
877 3678 971 3774 quasa
1014 3695 1116 3750 more
1147 3678 1200 3754 fe·

809 3797 904 3870 rino,
1233 3800 1235 3804 ·

299 3871 358 3944 Te
371 3875 569 3949 medicante
587 3874 701 3959 sacer,
725 3877 842 3950 bellua
860 3875 975 3956 reddit
992 3896 1113 3953 ovem.
1233 3911 1235 3916 ¹

155 3996 222 4063 [ος
250 3971 415 4046 Centeno
425 3977 545 4048 reditu
559 3992 679 4050 tecum
694 3978 852 4051 mansura
867 3994 930 4066 per
944 3991 1075 4071 evum,

297 4072 417 4168 Melias
436 4076 644 4152 abundantis
662 4076 792 4150 horrea
806 4073 906 4173 lr'uge
920 4077 1069 4171 reples..

198 4169 358 4252 Lasiam.
373 4173 515 4272 Tomis.
746 4174 791 4259 R
987 4209 989 4213 ·
1037 4172 1184 4245 Κωλ-

528 4467 609 4485 ..—
762 4477 768 4485 .
778 4441 933 4485 ..mm
940 4463 946 4470 ·
1017 4465 1029 4476 *¹
