2775 4792
159 498 161 503 ,
253 410 255 415 ’
295 408 563 521 Laeuium
592 419 724 495 ardua
752 417 809 485 nu
830 407 909 487 lut
932 384 1031 489 Dur.
1116 424 1185 541 {37

791 566 1184 600 uun—nu*

372 626 374 635 ’
473 618 854 758 cieuuiu
920 672 1035 761 “,

138 791 142 813 ¹
214 824 265 937 Da
292 823 386 911 neo,
420 819 515 918 deque
538 822 606 918 ejus
629 818 816 915 uffeiiibus3
855 822 1043 922 Epicurique
1065 840 1113 897 'rt-
1229 916 1231 923 y

440 1018 442 1025 Ι
471 1030 473 1035 Ι
500 1002 502 1006 ,
551 920 766 1018 pribenfime.
798 1018 809 1035 „

101 1154 104 1163 ,
138 1064 304 1256 Guod
323 1076 498 1172 sequitur,
532 1076 579 1152 de.
593 1077 713 1155 schola
726 1077 871 1174 Epicuri
889 1078 960 1169 est3
994 1078 1083 1156 sstut
1097 1080 1191 1157 iram

146 1238 148 1243 .
254 1180 292 1251 in
303 1176 388 1252 Deo
403 1200 478 1251 non
491 1170 581 1271 erse',
601 1180 652 1253 ita
663 1178 736 1254 ¹nec
751 1181 896 1277 gratiam
912 1178 1062 1273 quidem.
1086 1178 1184 1255 Nam

136 1296 218 1354 cum
243 1290 386 1371 putaret
407 1276 603 1373 Epicurus,
636 1274 788 1353 alienum
806 1278 875 1353 effe
899 1279 1021 1355 aDeo
1044 1278 1187 1354 malefa-
1219 1322 1222 1331 ·

136 1398 221 1452 cere
242 1390 348 1467 atque
370 1396 525 1467 nocere,
561 1379 658 1471 quod
682 1401 729 1452 ex
753 1375 880 1453 affeitu
901 1378 1089 1453 iracundie
1110 1381 1185 1473 ple·

136 1497 289 1567 rumque
320 1474 496 1567 nascitur,
531 1476 662 1551 ademit
693 1480 725 1551 ei
757 1476 863 1552 etiam
891 1475 1186 1573 beneficentiam,

138 1576 306 1667 quoniam
326 1574 473 1648 videbat
492 1573 713 1668 consequens
732 1575 822 1670 effe,
849 1575 930 1650 utsr
950 1574 1080 1650 habeat
1096 1576 1191 1652 iram·

125 1674 257 1758 Deua,
281 1674 410 1748 habeat
425 1676 458 1748 dt
474 1675 630 1769 gratiam.
680 1673 807 1768 Itaque
820 1695 866 1750 ne
882 1674 932 1749 iili
950 1675 1079 1750 vitium
1096 1696 1204 1750 con·¹

136 1773 308 1867 eederet,
347 1776 452 1847 etiam
474 1774 617 1847 virtutis
646 1774 734 1849 fecit
758 1789 953 1868 expertem„
1011 1770 1068 1847 Ex
1090 1776 1185 1869 hoc,
1295 1836 1298 1841 .

135 1873 272 1966 iuquit,
298 1873 422 1945 beatus
446 1873 480 1944 dt
502 1874 732 1968 incorruptus
754 1873 827 1955 est,
855 1876 935 1965 quia
960 1874 1048 1971 nihil
1069 1889 1184 1956 curat,

135 1993 254 2063 neque
280 1971 388 2043 habet
415 1971 487 2062 ipse
514 1974 722 2068 negotium,
757 1990 873 2063 neque
900 1973 1001 2046 alteri
1026 1972 1185 2051 exhibet.

136 2070 239 2146 Deus
255 2069 360 2166 igitur
379 2069 544 2160 nonest,
569 2070 594 2143 s1
613 2080 681 2145 nee¹
700 2084 895 2164 movetur,
921 2072 1019 2163 quod
1037 2067 1089 2145 est
1100 2091 1184 2164 pro·
1246 2071 1248 2075 ’

122 2171 252 2268 ·prium
285 2167 473 2240 viventis:
517 2189 585 2243 nec
612 2169 700 2243 facit
729 2151 862 2267 aliquid
884 2170 1091 2265 impoffibile
1119 2170 1186 2245 h'o·

136 2269 242 2361 mini,
269 2265 366 2359 quod
382 2265 435 2340 est
451 2269 633 2362 proprium
649 2269 742 2365 Dei,
767 2268 956 2345 sromnino
973 2271 1105 2344 nullam
1124 2270 1186 2343 ha·
1278 2269 1284 2278 ”

136 2370 202 2443 bet
217 2368 463 2460 voluntatem,
489 2369 623 2443 nullum
639 2366 773 2462 adium,
799 2371 931 2443 nullum
955 2368 1107 2460 denique
1126 2369 1185 2442 ad·

92 2512 95 2517 -
136 2466 447 2558 ministrationem,
475 2488 551 2559 quae
565 2467 649 2542 Deo
666 2469 771 2566 digna
788 2467 841 2543 stt.
892 2464 942 2539 Et
959 2489 1035 2561 quae
1056 2469 1184 2562 major,

138 2588 216 2658 quae
230 2565 370 2659 dignior
387 2563 638 2640 administratio
649 2565 732 2640 Deo
750 2566 904 2663 affignari
919 2569 1058 2663 potest,
1082 2587 1186 2657 quam
1272 2592 1275 2605 ·

135 2663 261 2740 mundi
283 2664 515 2757 gubernatio,
541 2665 762 2756 maximeque
780 2665 919 2762 generis
936 2666 1101 2763 humani,
1128 2664 1188 2740 cui

116 2758 711 2852 ‘omniaterrenasubjetiasunti
966 2849 968 2853 ¹
1064 2820 1066 2825 .

90 2936 96 2963 Ι
218 2863 308 2958 Quae
320 2859 428 2955 igitur
445 2859 481 2932 in
500 2859 586 2932 Deo
604 2858 724 2954 potest
741 2858 809 2935 effe
826 2858 1034 2942 beatitudo,
1058 2858 1081 2935 fi
1103 2860 1190 2953 sem·

163 2980 202 3033 er
226 2959 392 3051 quietus,
428 2956 462 3031 dt
490 2958 680 3032 immobilis
708 2959 867 3053 torpeti
910 2960 934 3033 fi
958 2961 1186 3052 precantibus

134 2984 278 3150 furtiue,
305 3056 331 3129 st
346 3059 547 3131 colentibus
563 3057 703 3132 caecus'?
729 3058 826 3157 Quid
843 3072 914 3132 tam
931 3059 1093 3157 dignum,
1114 3075 1187 3134 tam

135 3158 323 3256 proprium
341 3154 450 3249 Deo,
477 3176 579 3250 quam
597 3156 853 3251 providentia?
889 3158 998 3233 Sedsr
1018 3160 1106 3233 nihil
1127 3179 1187 3231 cu·

138 3271 216 3348 rat,
242 3255 329 3328 nihii
343 3253 534 3347 providet,
561 3256 825 3331 amifitomnem
843 3256 1076 3334 divinitatem.
1112 3257 1188 3354 Qui
1265 3328 1269 3335 ,

139 3376 229 3453 ergo
245 3368 361 3428 totam
377 3356 470 3444 vim,
496 3367 612 3428 totam
629 3353 711 3427 Deo
726 3354 944 3429 substantiam
958 3358 1076 3448 tollit,
1104 3354 1188 3444 quid

141 3454 235 3530 aliud
257 3453 374 3545 dicit,v
399 3452 461 3525 nisi
481 3453 598 3547 Deum
620 3455 769 3543 omnino
790 3475 865 3526 non
888 3452 988 3528 effe?
1020 3455 1189 3549 Denique
1221 3498 1225 3507 ·

140 3553 288 3628 Marcus
304 3550 445 3624 Tullius
463 3573 482 3623 a
498 3551 689 3626 Poiidonio
708 3550 836 3643 ditium
854 3553 987 3646 refert,
1010 3555 1046 3625 id
1059 3550 1199 3647 Epicu·
1275 3602 1280 3611 „

137 3671 223 3724 frum
239 3649 393 3745 senfiffe,
419 3651 539 3723 nullos
558 3650 659 3725 Deos
677 3650 767 3744 esse,
794 3650 852 3724 sed
870 3673 931 3743 ea,
958 3672 1035 3742 quae
1053 3649 1097 3724 de
1110 3649 1208 3727 Diis'

109 3744 111 3751 ’
142 3753 288 3824 locutus
303 3748 365 3842 stt,
392 3747 608 3842 depellendae
620 3748 765 3824 invidiae
783 3748 883 3824 causa
901 3748 1045 3824 dix-iiie:
1069 3748 1191 3845 itaque

142 3847 268 3921 verbis
288 3847 385 3921 illum
399 3848 501 3921 Deos
521 3849 741 3941 relinquere,
768 3869 808 3921 re
821 3862 940 3923 autem
957 3836 1027 3939 ipsa
1038 3850 1190 3938 tollere,

111 3994 114 3999 -
143 3948 271 4038 quibus
283 3949 417 4020 nullum
432 3964 583 4037 motum,
596 3948 732 4021 nulium
743 3949 869 4020 tribuit
883 3944 1049 4022 officium.
1076 3943 1189 4044 Quod

141 4048 169 4127 ir
188 4048 238 4121 ita
255 4042 323 4121 est:
351 4046 434 4141 quid
450 4069 495 4125 eo
510 4044 697 4225 ῐαΠαοὶιιίῗ
725 4047 823 4141 quod
840 4042 1027 4143 asapiente
1042 4047 1075 4120 dt
1088 4044 1195 4158 gravi

144 4160 147 4165 ·
691 4165 715 4243 5
1059 4159 1143 4222 vuo
