2775 4792
199 436 254 519 pq
288 410 560 533 Labranrrr
580 388 722 487 irrui
746 427 807 487 nr
831 402 1054 489 Orrrrcro
1079 409 1182 495 Drt

201 644 205 672 „
279 574 445 677 Quadrat
467 572 578 671 igitur
600 572 783 667 necessitas
805 574 987 671 undique,
1017 598 1088 651 nec
1112 571 1274 655 debuisse

202 681 307 764 aliter
324 673 425 770 fieri,
450 693 519 750 nec
535 672 589 746 sas
607 671 737 777 fuisse..
772 674 843 748 Sed
857 674 911 748 isti
928 679 1106 752 rationem
1123 675 1273 769 sequen·

195 783 298 858 tium
311 798 390 854 non
407 775 556 867 vident,
583 774 665 867 quia
680 771 787 848 semel
802 790 1018 849 erraverunt
1034 777 1160 872 in'ipsa
1180 775 1272 854 sum·

201 872 273 960 rna.
322 874 477 951 Exclusa
498 875 595 949 enim
612 873 664 952 de
684 875 793 949 rebus
817 875 979 953 humanis
1004 876 1127 951 divina
1145 881 1272 971 provi·

203 981 327 1056 dentia
349 972 546 1051 necessario
568 972 812 1066 sequebatur,
847 988 889 1048 ut
912 979 1034 1051 omnia
1055 976 1115 1051 sua
1138 976 1272 1070 sponte

201 1082 273 1159 sint
287 1091 382 1154 nata.
420 1075 517 1149 Hinc
533 1076 756 1167 invenerunt
770 1076 846 1148 illas
861 1077 1083 1153 minutorum
1098 1077 1271 1157 seminum
1295 1146 1300 1169 ,

200 1184 348 1282 plagae,
363 1175 410 1249 dr
427 1172 686 1249 concursiones
703 1174 896 1275 fortuitas,
922 1178 1004 1268 quia
1021 1197 1140 1253 rerum
1159 1166 1270 1277 origi·

199 1302 286 1360 nem
304 1297 382 1373 pon
400 1275 586 1353 videbant.
635 1272 677 1348 ln
695 1282 783 1366 quas
804 1274 841 1349 se
858 1274 1030 1373 angustias
1047 1297 1128 1353 cum
1145 1282 1272 1374 conje-

201 1379 356 1471 cissent,
382 1376 455 1470 jam
477 1375 635 1474 cogebat
653 1394 721 1449 eor
740 1373 921 1450 necessitas
942 1375 1161 1472 existimare,
1197 1381 1271 1459 ani·

201 1501 278 1559 mas
299 1498 392 1552 cum·
403 1475 621 1568 corporibus
639 1473 756 1569 nasci,
783 1473 817 1547 dt
838 1476 925 1548 item
949 1495 1029 1551 curn
1050 1481 1270 1572 corporibus

199 1577 378 1675 extingui.
429 1572 669 1650 Affitmserant
682 1576 777 1649 enim
790 1575 881 1649 nihil
897 1571 976 1648 fieri
992 1589 1114 1653 mente
1133 1580 1279 1691 divino,

198 1681 320 1778 Quod
341 1672 454 1771 ipsum
477 1695 555 1751 non
578 1675 682 1753 aliter
703 1677 861 1769 probare
885 1689 1079 1769 poterant,
1118 1678 1272 1771 quamsi

197 1778 436 1857 ostenderent
455 1773 537 1849 eise·
552 1773 691 1866 eliqua,
723 1777 761 1849 in
785 1776 912 1866 quibus
936 1776 1120 1852 videretur
1142 1799 1212 1872 pro
1244 1780 1254 1797 '

199 1872 449 1983 dentiaelratio
473 1873 685 1949 claudicare.
735 1874 1062 1968 Reprehenderuat
1084 1879 1190 1976 igitur
1210 1801 1271 1976 E,

197 1980 388 2073 inquibus
410 1976 472 2050 vel
494 1974 649 2051 maxime
665 1973 897 2064 divinitatem
919 1974 1014 2053 suam
1035 1980 1270 2072 providentia

115 2138 117 2142 .
198 2080 414 2161 mirabiliter
437 2075 622 2170 expreffit,
654 2088 699 2147 ut
719 2076 802 2170 illa,
834 2096 913 2169 quae
933 2079 1040 2151 retuli
1064 2078 1110 2153 de
1122 2082 1269 2157 morbis

198 2183 446 2256 &immatura
465 2190 611 2267 morte,
631 2195 714 2248 cum
734 2175 923 2249 debuerint
940 2179 1122 2272 cogitare,
1148 2181 1205 2254 bis
1221 2178 1271 2255 as-

197 2279 374 2372 ¹sumptis,
402 2274 487 2366 quid
504 2272 701 2347 necessario
721 2273 949 2368 sequeretur,
977 2273 1196 2372 (sequuntur
1212 2300 1287 2355 au:

97 2368 102 2379 ’
199 2394 281 2455 -tem
303 2379 384 2469 illa,
421 2392 506 2470 que·
520 2371 615 2472 dixi)
637 2374 663 2448 fi
686 2377 853 2448 morbum
875 2396 951 2448 non
973 2379 1182 2476 reciperet,
1208 2402 1271 2455 ne·
1292 2398 1311 2415 ⁴·

195 2500 277 2575 que
303 2477 431 2569 tertis,
463 2495 583 2567 neque
607 2472 763 2548 vestibus
791 2476 979 2572 indigeret.
1045 2480 1143 2578 Quid
1172 2482 1268 2558 enim

135 2652 138 2662 ,
196 2593 366 2670 uentos,
401 2588 464 2649 aut
477 2575 630 2668 imbres,
657 2588 719 2647 aut
735 2575 870 2672 frigora
889 2591 1088 2673 metueret,
1115 2592 1270 2672 quorum

201 2681 262 2753 vis
279 2680 318 2753 in
335 2698 382 2751 eo
399 2673 470 2764 est,
495 2687 536 2748 ut
552 2676 703 2752 morbos
723 2674 901 2749 afferant?
933 2677 1076 2752 idcirco
1096 2682 1192 2753 enim
1210 2700 1269 2755 ac·

204 2779 306 2875 cepit
331 2775 560 2874 sapientiam,
585 2789 627 2848 ut
652 2775 819 2850 adversus
846 2778 1017 2851 nocentia
1040 2779 1270 2875 fragilitatem

202 2881 302 2957 suam
322 2877 469 2951 muniat.
519 2875 697 2967 Sequatur
716 2875 855 2951 necesse
875 2877 943 2968 est,
971 2891 1011 2951 ut
1027 2882 1195 2968 quoniam
1212 2901 1270 2955 re·

202 2977 361 3054 tinendae
381 2975 532 3049 rationis
551 2973 653 3047 causa
671 2977 821 3048 morbos
843 2977 960 3070 capit,
987 2978 1093 3053 etiam
1110 2995 1269 3058 mortem

202 3079 344 3172 semper
364 3075 539 3169 accipiat3
572 3075 654 3167 quia
674 3074 705 3148 is
727 3075 771 3148 ad
792 3096 895 3166 quem
918 3098 1016 3151 mors
1045 3100 1121 3152 non
1141 3082 1266 3175 uenit,

200 3175 327 3256 firmus
354 3175 397 3250 fit
420 3173 560 3249 necesse
586 3173 654 3249 est:
686 3172 871 3249 infirmitas
896 3192 1016 3273 autem
1042 3181 1151 3253 habet
1170 3183 1208 3254 in
1231 3180 1269 3256 se

113 3276 116 3285 ’
194 3276 335 3358 ¹mortis
356 3275 628 3362 conditionem
664 3270 812 3349 firmitas
829 3289 928 3352 *vero
949 3281 1011 3351 ubi
1034 3278 1165 3376 fuerit,
1196 3302 1269 3356 nec

200 3376 364 3456 senectus
379 3377 502 3451 locum
515 3373 637 3471 potest
648 3375 802 3470 habere,
827 3397 897 3451 nec
916 3399 1036 3475 mors,
1063 3401 1139 3473 quae
1155 3377 1271 3475 sequi·

195 3493 264 3557 tur
277 3473 509 3555 senestutem
1022 3482 1037 3513 ³

278 3577 479 3672 Preterer,
514 3574 660 3650 fimors
688 3587 797 3650 certae
822 3576 1016 3651 constituta
1044 3577 1129 3652 esset
1155 3582 1269 3675 aetati,

199 3674 313 3776 fieret
329 3679 443 3752 homo
465 3674 770 3769 insolentiffimus,
797 3676 830 3750 u
851 3678 1071 3751 humanitate
1090 3683 1190 3755 omni
1208 3694 1270 3756 ca·

202 3790 316 3873 reret.
366 3776 462 3852 Nam
474 3776 553 3851 fere
565 3779 645 3871 jura
661 3779 783 3851 omnia
797 3777 1045 3870 humanitatis,
1071 3781 1199 3870 quibus
1215 3783 1271 3856 in·

191 3876 263 3953 tei
284 3896 355 3952 nos
374 3879 618 3969 cohaeremus,
643 3897 690 3950 ex
712 3891 829 3970 metu,
857 3876 1271 3977 &conscientiafragiib

201 3978 291 4063 tatis
313 3979 492 4053 oriuntur.
548 3974 720 4069 'Denique
742 3977 1002 4072 imbecilliora,
1029 3979 1062 4052 &
1085 3980 1270 4059 timidiora

195 4090 353 4182 queque
374 4075 537 4166 ammdia
556 4091 847 4178 congregantur,
871 4089 914 4153 ut
933 4081 1102 4175 quoniam
1123 4082 1266 4162 viribus

215 4188 217 4199 ’
1084 4193 1085 4196 ‘
1119 4182 1217 4257 tueri
