2775 4792
92 417 95 434 ι
129 444 148 513 .’
267 441 322 520 '26
345 429 860 543 Laerrurrr'Emomt,
880 460 1033 519 nrvru.
1058 438 1303 549 tunsurus.

147 676 149 681 .
270 616 330 681 rea
352 602 407 679 est
428 599 525 699 ipsa,
561 623 636 696 quae
661 603 868 696 quaritur,
893 602 1043 680 studium
1068 627 1185 697 vero,
1221 608 1311 699 quoe*

272 707 408 800 quatit.
465 699 542 796 Ipsa
559 702 666 798 igitur
683 700 872 798 definitio,
899 707 959 777 vel
979 708 1132 781 nominis
1154 704 1311 802 significa·

119 838 137 889 ·,
270 812 353 899 t'io',
388 804 544 877 declarat
567 800 830 896 Philosophiam
846 824 935 889 ¹non
965 803 1033 876 else
1058 805 1164 897 ipsam
1189 805 1311 898 sapien·

269 909 377 993 tiam3
403 905 515 977 dicam
537 923 584 975 ne
605 901 756 999 studium
777 902 917 995 quidem
935 902 1003 976 esse
1021 902 1219 1001 sapientia,
1246 927 1311 998 quc

211 1042 216 1051 ¹
270 1004 438 1102 sapientia
460 1021 537 1075 non
564 1001 890 1094 comprehenditur.
953 1006 1043 1103 Quis
1069 1007 1161 1078 enim
1182 1004 1311 1079 studere

271 1108 410 1182 dicatur
435 1103 468 1173 ei
489 1102 563 1196 rei,
603 1121 706 1194 quam
733 1102 969 1178 nullomodo
994 1104 1097 1196 polit
1119 1104 1311 1201 attingeres

95 1275 99 1306 l
142 1196 144 1203 Ι
271 1206 347 1309 Q'*i
367 1201 578 1296 medicissae,
611 1203 950 1296 epigrammatica,
984 1217 1046 1276 aut
1067 1206 1234 1277 oratoria
1253 1203 1311 1277 stu-

271 1308 358 1397 det,
382 1298 556 1375 studiosus
580 1301 654 1394 ejus
680 1301 793 1383 artis,
820 1322 922 1393 quam
937 1299 1063 1396 discit,
1090 1304 1159 1377 dici
1180 1303 1300 1397 potest

268 1405 332 1481 ubi
352 1402 500 1483 didicit,
528 1403 600 1493 J‘arn
624 1399 816 1493 Medicus,
846 1402 918 1494 jam
938 1402 1217 1495 Grammaticus,
1247 1405 1311 1496 jan

270 1503 408 1578 Orator
428 1501 568 1576 dicitur.
617 1498 676 1572 Sic
694 1501 859 1593 oportuit
882 1498 1109 1577 &studiosos
1129 1500 1311 1596 sapientiae,

266 1603 455 1698 postquam
474 1596 690 1692 didicissent,
707 1598 888 1695 'sapientes
905 1601 1091 1674 nominari.
1148 1600 1239 1675 Cum
1261 1622 1311 1675 au·

266 1719 343 1778 tem
362 1700 504 1776 studiost
528 1697 726 1793 sapientia,
757 1701 925 1791 'quamdiu
943 1691 1095 1795 viva'nt,
1121 1714 1311 1796 vocentur,

268 1814 416 1898 apparet
431 1800 520 1874 illud
538 1797 688 1874 studium
712 1820 787 1872 non
807 1799 897 1893 effe,
924 1801 1021 1892 quod
1042 1802 1085 1875 ad
1108 1800 1214 1895 ipsam
1228 1822 1311 1885 rem.

170 1936 180 1947 ·
267 1924 345 1996 quae
365 1901 481 1975 studio
502 1900 657 1992 petitur,
687 1920 764 1973 non
779 1899 897 1993 potest
915 1904 1117 1993 perveniri;
1141 1902 1203 1975 nisi
1219 1902 1311 1977 sorte

267 2002 328 2096 qui
344 2001 388 2075 ad
409 1998 518 2093 finem
535 2018 647 2091 usque
670 2000 772 2093 vitae,
797 2013 840 2071 ut
855 1998 1008 2093 sapiant,
1034 2002 1197 2094 student,
1224 2000 1311 2094 apud

205 2122 207 2126 ·
264 2102 403 2176 inferos
429 2097 602 2197 sapientes
628 2112 743 2173 erunt.
795 2098 905 2173 Omni
932 2115 1053 2175 autem
1073 2101 1188 2174 studio
1207 2100 1311 2193 subja·

265 2215 327 2274 cet
348 2199 439 2275 finis.
490 2196 581 2270 Non
602 2198 652 2271 est
671 2199 780 2295 igitur
799 2199 837 2273 id
858 2199 1009 2277 studium
1032 2200 1186 2281 retium,
1219 2203 1311 2293 quod

122 2336 151 2377 -,
238 2324 241 2331 ·
265 2300 473 2421 nonhabet
491 2292 612 2379 finem.

268 2506 864 2533 mm*
869 2508 1311 2529 —-*

246 2600 280 2623 ''
379 2694 431 2747 ,Ι
539 2634 820 2711 theut
868 2639 1023 2716 xxxt.

514 2803 566 2873 Da
600 2802 749 2872 scientia
786 2796 826 2877 di
867 2807 1069 2899 opinatione.

205 3078 208 3089 ,
264 3005 473 3174 praterea
496 2996 569 3070 duo
593 2994 701 3088 sunt,
735 3018 812 3087 quae
837 2999 964 3071 cadere
992 3002 1029 3073 in
1052 2999 1311 3096 Philosophiam

324 3112 326 3117 '
350 3099 540 3187 videntur,
573 3092 717 3173 scientia
741 3100 774 3168 dt
797 3097 980 3188 opinati03
1017 3121 1092 3192 quae
1111 3102 1135 3175 s1
1156 3102 1311 3181 auferan·

259 3213 343 3291 tur,
367 3211 447 3271 tota
459 3188 686 3287 Philosophia
702 3198 850 3270 corruit.
900 3200 1013 3289 Atqui
1031 3214 1222 3293 utrumque
1236 3203 1311 3276 Phi·

106 3296 118 3327 ⁸
233 3296 435 3391 ·losophiae
466 3297 527 3388 ipsr
559 3295 854 3390 philosophorum
883 3298 1060 3392 principes
1093 3302 1311 3378 ademerunt.

261 3398 454 3471 Scientiam
470 3395 659 3486 Socrates,
685 3395 931 3487 opinationem
949 3397 1082 3471 sustulit
1099 3401 1213 3476 Zeno,
1250 3403 1311 3475 vi:

263 3499 408 3572 deamus
429 3516 473 3568 an
494 3493 590 3567 teile
615 3492 782 3588 sapientia
809 3494 880 3587 est,
915 3510 955 3569 ut
977 3496 1107 3572 Cicero
1133 3499 1311 3591 definivit,

263 3597 501 3692 „divinarum
527 3593 561 3665 a
583 3593 812 3668 humanarum
830 3614 949 3669 rerum
968 3594 1122 3673 scientia.
1137 3653 1166 3691 „
1223 3604 1311 3696 Qua

265 3693 429 3768 delinitio
448 3695 577 3767 hvera
594 3692 664 3784 est,
680 3713 756 3765 non
775 3692 868 3766 cadit
885 3695 920 3767 in
937 3696 1118 3771 hominem
1136 3697 1311 3789 sapientia.

265 3795 357 3909 Quis
386 3794 478 3868 enim
504 3793 706 3865 mortalium
732 3792 806 3865 hoc
830 3793 892 3865 fibi
916 3794 1019 3885 polht
1043 3794 1236 3890 assumere,
1272 3794 1311 3872 ut

264 3895 387 3968 drvina
418 3892 453 3964 a
484 3893 635 3966 humana
666 3889 755 3964 scire
785 3892 818 3989 se
851 3889 1098 3984 profiteatur?
1150 3899 1311 3972 Humana

264 3994 424 4079 omitt03
460 4012 536 4083 quae
555 4010 753 4082 quanquam
772 4012 851 4063 cunr
877 3992 1005 4064 divinis
1030 4015 1194 4070 connexa
1220 3995 1311 4089 sunt,

119 4148 121 4153 .
197 4186 199 4191 Ι
264 4105 386 4203 namen
406 4091 495 4187 quia
510 4089 590 4166 sunt
607 4089 782 4190 hominis,
815 4093 1052 4170 concedamus
1069 4111 1110 4171 ut
1126 4099 1238 4172 hono
1256 4090 1311 4171 illa

1176 4194 1265 4271 scire
