2775 4792
136 434 425 545 '‘Ltcmnnrr'r
449 454 666 535 Ertroran
690 442 842 530 ntvtn.
867 450 1109 569 Insrt'rtrr.
1139 463 1186 535 61

174 590 176 595 “
410 601 412 605 -
1016 584 1025 613 l

126 618 197 698 ¹ros
214 622 282 697 elle
298 622 405 697 aiunt.
443 619 527 693 Nos
543 618 668 711 ntique
680 614 831 709 reclina,
852 617 914 709 qui
929 620 1072 695 alteram
1090 622 1189 707 vitae,

133 727 279 797 alteram
300 723 453 812 mortis,
486 718 596 793 &bic
619 732 740 797 tamen
762 714 832 791 effe
850 718 912 791 has
933 720 1010 793 vias
1030 720 1188 805 dicimus.

132 823 205 897 Sed
218 825 275 895 illa
290 822 497 912 dexterior,
524 838 592 909 qua
605 810 689 908 justi
705 819 937 914 gradiuntur,
961 839 1038 893 non
1056 821 1090 893 in
1105 818 1190 915 Ely-

131 924 217 1007 nom
237 922 333 1014 fert,
373 918 433 993 sed
453 921 497 994 in¹
515 918 654 990 coelum.
714 917 937 991 immortales
969 920 1063 993 enim
1086 916 1188 1023 frunt.

133 1021 335 1095 sinisterior
352 1021 395 1092 ad
413 1034 603 1105 tartarum3
630 1018 770 1089 aeternis
786 1017 880 1089 enim
899 1020 1114 1093 cruciatibus
1134 1020 1191 1093 ad·

133 1122 302 1196 dicuntur
323 1118 451 1211 injusti.
516 1114 694 1190 Tenenda
720 1115 771 1188 est
794 1116 902 1212 igitur
926 1119 1032 1192 nobis
1050 1116 1192 1211 justitio

132 1224 217 1315 via,
246 1241 323 1312 quae
348 1220 448 1291 ducit
474 1215 664 1292 advitam.
722 1215 878 1291 Primum
906 1232 1024 1291 autem
1049 1217 1192 1310 justitiae

134 1320 294 1395 officium
311 1318 381 1412 est,
406 1314 524 1391 Deum
543 1314 791 1412 agnoscerent
807 1332 1010 1411 parentem„
1038 1339 1193 1410 cumque

132 1436 300 1497 metuere
325 1432 366 1490 ut
390 1417 614 1508 Dominum,
649 1416 795 1512 diligere
822 1431 863 1488 ut
889 1433 1038 1509 patrem.
1093 1418 1192 1495 Idem

131 1523 233 1595 eninr
249 1540 316 1591 nos
331 1519 474 1623 genuit,
499 1519 559 1609 qui
573 1518 674 1588 vitali
690 1514 813 1609 spiritu
827 1517 1019 1610 animavit,
1041 1519 1100 1608 qui
1113 1520 1190 1614 alit,

133 1622 200 1712 qui
216 1617 330 1692 salvos
347 1617 443 1692 facit.
503 1617 627 1690 Habet
643 1618 681 1687 in
698 1636 766 1689 nos
786 1636 863 1689 non
882 1616 994 1689 modo
1017 1631 1057 1688 ut
1074 1635 1190 1713 pater,

133 1740 265 1794 verum
288 1720 394 1805 etiam
416 1728 458 1791 ut
482 1716 661 1801 Dominus
685 1714 864 1788 licentiam
891 1718 1130 1812 verberandi,
1158 1720 1194 1794 br

134 1821 222 1893 vitae
245 1838 286 1889 ac
306 1818 405 1891 necis
429 1815 663 1908 potestatem
697 1816 793 1889 unde
819 1817 869 1888 illi
893 1818 936 1890 ab
959 1818 1106 1890 homine
1131 1818 1194 1893 du·

135 1921 221 2015 plen
239 1919 382 2007 honos,
405 1916 441 1987 id
460 1915 531 2007 est,
557 1937 657 1989 amor
674 1936 755 1995 cum
771 1917 903 1989 timore
920 1915 1081 1991 debetur.
1134 1917 1195 1992 Se-

136 2019 293 2095 cundum
306 2014 445 2109 justitiae
461 2012 616 2091 officium
634 2013 704 2107 est,
729 2014 909 2088 hominem
925 2014 1116 2113 agnoscere
1132 2040 1194 2092 ve·

137 2122 193 2195 lut
217 2118 376 2190 fratrem.
427 2114 463 2184 Si
487 2116 580 2188 enirn
598 2135 667 2187 nos
691 2114 785 2191 idem
809 2113 909 2188 Deus
931 2116 1039 2210 lecit,
1067 2116 1196 2191 &uni-

136 2216 263 2293 versos
290 2215 334 2288 ad
355 2215 524 2307 justitiam
555 2215 738 2308 vitamque
765 2217 933 2290 'aeternam
951 2219 1036 2310 ¹pari
1072 2217 1197 2303 condi·

135 2321 242 2409 tione
260 2319 467 2413 generavit,
494 2314 794 2409 fraternautique
813 2316 1063 2391 necessitudine
1079 2318 1197 2393 cohae·

136 2438 280 2511 remus,
306 2439 408 2509 quarn
437 2416 496 2508 qui
521 2437 599 2490 non
624 2414 807 2511 agnoscit,
839 2415 987 2509 iniustus
1011 2416 1073 2492 est.
1125 2416 1196 2491 Sed

139 2520 249 2614 origo
275 2518 377 2610 hujus
401 2517 507 2611 mali,
542 2538 614 2609 quo
635 2514 786 2597 societas
810 2517 906 2591 inter
934 2515 969 2590 se
995 2517 1196 2611 hominum,

139 2640 216 2712 quo
237 2618 495 2691 neceffitudinis
517 2617 701 2689 vinculum
718 2615 922 2691 dillolutum
941 2616 1081 2709 est,''ab
1095 2618 1198 2713 igno·

140 2717 286 2792 ratione
311 2718 397 2788 veri·
410 2716 481 2787 Dei
506 2713 670 2788 nascitur.
727 2716 802 2811 Qui
824 2720 917 2788 enim
939 2716 1079 2789 fontem
1099 2716 1199 2789 illum

141 2816 372 2912 benignitatis
394 2815 559 2911 ignorat,
584 2816 708 2897 'bonus
726 2812 796 2887 elle
814 2815 916 2891 nollo
937 2812 1042 2906 pacto
1067 2813 1197 2909 potest,

140 2914 231 2991 Inde
254 2914 323 3006 est,
351 2913 450 3005 quod
473 2932 518 2987 ex
541 2933 588 2987 eo
609 2927 812 3006 tempore,
826 2934 898 3005 quo
915 2912 976 2987 Dii
994 2915 1096 2987 molti
1111 2935 1199 2989 con·

140 3014 269 3091 secrari
294 3016 336 3086 ab
360 3014 565 3087 bominibus
587 3014 730 3106 colique
743 3024 961 3107 creperum,
975 3014 1114 3112 ,fugata
1131 3014 1197 3107 est,

142 3115 232 3191 ficut
253 3128 369 3207 poetae
387 3112 521 3204 ferunt,
540 3111 683 3205 justitia.
719 3113 779 3185 Sic
794 3113 1006 3205 diremptum
1023 3113 1074 3189 est
1090 3137 1200 3191 omne

143 3214 282 3307 foedus,
310 3214 483 3303 dirempta
508 3210 658 3286 societas
687 3214 776 3307 iuris
802 3214 956 3287 humani.
1014 3212 1110 3289 Tunr
1135 3214 1199 3290 fibi

146 3315 296 3406 quisque
322 3311 536 3403 consulere,
564 3312 621 3401 jus
645 3311 682 3382 in
707 3312 844 3383 viribus
867 3327 1100 3405 computare,
1132 3336 1200 3386 no·
1306 3359 1310 3367 -

145 3436 229 3487 cere
247 3414 431 3505 invicem,
465 3410 645 3484 fraudibus
670 3410 833 3507 aggredi,
866 3412 958 3485 dolis
985 3410 1201 3489 circumscri-

144 3514 251 3607 bere,
279 3511 471 3587 commoda
490 3509 549 3582 sua
566 3511 722 3599 ¹aliorum
747 3512 984 3585 incommodis
1003 3512 1199 3606 adaugere;

145 3634 225 3689 non
240 3610 422 3708 cognatis,
446 3630 523 3684 non
543 3609 686 3702 liberis,
713 3630 793 3682 non.
806 3612 1012 3702 parentibus
1030 3630 1198 3703 parcete3

90 3788 95 3801 ,
145 3713 327 3787 adnecem
348 3712 532 3786 hominurn
552 3711 682 3802 pocula
698 3723 914 3804 temperare,
941 3710 1104 3785 obfidel'e
1118 3732 1200 3789 cum

141 3810 246 3887 ferro
265 3813 367 3904 vias,
392 3813 502 3884 maria
524 3807 709 3897 infestare3
735 3810 871 3883 libidini
890 3826 1028 3901 autem,
1055 3831 1128 3902 quo
1144 3812 1201 3886 fu·

146 3932 212 3985 ror
238 3910 404 4004 duxerit,
437 3911 537 3984 frena
559 3910 702 3998 laxare3
734 3909 822 3981 nihil
844 3909 994 4000 denique
1014 3909 1118 3985 sandi
1140 3915 1200 3986 ha·

147 4012 263 4101 bere,
297 4009 395 4101 quod
415 4032 490 4084 non
516 4010 691 4104 cupiditas
713 4008 858 4081 infanda
882 4010 1049 4087 violaret.
1108 4008 1217 4087 eum·
1265 4058 1268 4063 -

146 4110 223 4201 bec
239 4109 392 4208 fierent,
418 4123 494 4187 tum
507 4110 605 4209 leges
620 4108 682 4195 libi
696 4108 862 4199 homines
879 4110 1224 4203 condidernntsro

220 4254 222 4261 =
508 4272 511 4281 ,
1113 4209 1195 4282 mt't·
