2775 4792
112 362 705 480 Lacaaur'nEatrona
730 369 1222 508 nrvru.1uarrrua.37

92 534 385 645 collocavit,
423 556 471 610 ne
504 507 567 607 aut
595 532 755 630 peccatis
786 533 989 626 autoritas,
1030 545 1091 607 aut
1114 534 1246 609 vitiis:-

92 597 315 707 dodrina
336 633 481 708 deellet.
545 634 607 707 An
629 635 679 708 illi
703 633 878 708 fortiores
902 632 1012 727 magis
1035 631 1115 706 sunt
1128 654 1218 727 pro·
1233 661 1244 678 ²

92 723 100 762 '
92 732 283 844 bandi,
315 736 375 825 qui
398 749 442 806 ut
461 748 621 810 mortem
643 731 865 806 contemfille
885 724 1113 824 dicerentur,
1140 753 1215 809 vo·
1200 765 1227 810 ·:

92 792 339 907 luntariam
351 853 479 906 necem
494 831 558 907 fibi
574 830 800 906 intulerunt?
819 832 938 926 Zeno,
955 830 1072 924 Empe
1074 833 1214 949 doclec,

145 929 395 1025 Chryfippus,
428 930 643 1026 Cleanthes,
670 931 950 1023 Democritus,
960 931 1112 1005 &bos
1101 934 1215 1007 imita·

92 1072 107 1092 -
145 1042 208 1104 tue
228 1028 349 1110 Cato,
375 1031 576 1105 nescierunt
596 1032 780 1106 homicidii
795 1032 944 1105 crimine
959 1033 1075 1106 teneri
1092 1031 1216 1105 secun·

147 1129 235 1205 dum
250 1132 309 1221 jus
328 1133 512 1227 legemque
533 1133 690 1205 divinam
714 1154 816 1222 eum,
844 1132 903 1221 qui
928 1130 963 1205 se
977 1131 1214 1208 interfecerit.

144 1227 254 1302 Deus
281 1231 375 1304 enim
399 1252 467 1304 nos
493 1234 530 1304 in
554 1233 627 1305 hoc
651 1231 872 1312 domicilium
897 1233 1013 1303 carnis
1045 1231 1213 1320 induxit3

145 1329 209 1406 ille
233 1329 342 1402 nobis
364 1333 561 1424 temporale
579 1333 747 1423 torporis
765 1332 1008 1404 habitaculum
1025 1331 1144 1424 dedit,
1170 1342 1214 1404 ut

145 1427 377 1523 incolamus,
412 1431 577 1523 quamdiu
602 1432 697 1505 idem
727 1432 899 1504 voluerit.
962 1430 1112 1503 Nefas
1102 1434 1213 1526 igitur

92 1582 109 1637 ι
144 1528 351 1602 habendum
375 1530 446 1612 est,
479 1531 552 1603 sine
576 1530 645 1602 Dei
666 1528 760 1622 jussu
786 1532 883 1603 velle
906 1531 1075 1625 migrare.
1118 1530 1212 1604 Non

92 1627 196 1733 „est
210 1648 302 1740 ergo
317 1629 373 1702 vis
389 1629 589 1705 adhibenda
609 1646 755 1708 naturae.
807 1629 883 1701 Scit
901 1629 961 1703 ille
983 1629 1212 1722 quemadmo-

92 1684 254 1832 Ϊᾶιιιιι
261 1750 352 1820 opus
375 1728 474 1804 suum
495 1728 667 1805 resolvat.
723 1727 790 1801 Cui
811 1732 913 1821 operi
934 1729 958 1802 fi
982 1731 1059 1821 quis
1083 1739 1208 1803 manua

92 1862 107 1934 ι
144 1827 271 1942 impias
292 1829 534 1921 adhibuerit,
552 1843 592 1902 ac
614 1831 727 1904 divini
747 1826 882 1942 opificii
905 1830 1050 1901 uincula
1070 1830 1209 1921 dirupe-

92 1927 210 2041 ..ri-t,
245 1927 368 2001 Deum
391 1944 544 2008 conatur
565 1928 776 2028 effugere,
788 1929 888 2020 cujus
910 1925 1120 2001 sententiam
1140 1950 1209 2002 nec

93 2017 255 2131 {vivus
275 2028 479 2119 quisquam,
500 2049 569 2101 nec
584 2043 749 2100 mortuus
764 2021 903 2119 poterit
915 2028 1082 2104 evadere.
1125 2027 1210 2102 Sce-

93 2083 259 2200 letati
272 2147 361 2241 ergo
387 2126 468 2201 sunt
490 2129 524 2200 u
534 2126 690 2218 nefarii,
717 2144 820 2232 quos
829 2128 984 2221 superius
1005 2129 1207 2223 nominavi,

107 2217 113 2300 ι’
144 2228 203 2318 qui
237 2227 347 2300 etiam
379 2229 608 2318 docuerunt,
640 2248 727 2319 quas
749 2227 878 2301 causas
908 2229 1041 2301 habere
1076 2229 1207 2302 debeat

141 2346 242 2400 nors
262 2328 486 2416 voluntaria3
502 2340 543 2400 ut
551 2347 675 2419 parum
685 2326 727 2400 fit
734 2311 894 2417 sceleris,
903 2327 1002 2419 quod
1017 2327 1206 2401 homicidae

92 2415 403 2603 ιιιυιὲιιιειιιιιοι
424 2428 647 2525 extiterunt,
680 2427 744 2503 nili
770 2427 814 2502 ad
836 2428 911 2501 hoc
937 2426 1039 2502 nefas
1060 2427 1095 2501 &
1113 2429 1204 2502 alios
1300 2473 1303 2482 ·

92 2544 179 2599 et
232 2528 328 2600 irent
1306 2537 1308 2542 '

354 2879 356 2883 '
475 2857 741 2966 CAPUT
777 2863 872 2942 XL.
945 2949 951 2962 ι

393 3034 446 3103 De
472 3032 738 3129 Philosophorum·
752 3029 946 3129 inftpientia.

92 3227 432 3409 Innumerabilia
456 3226 537 3301 sunt
570 3228 867 3322 philosophorum
900 3225 991 3300 diua
1022 3224 1198 3318 fanaque,

198 3329 328 3419 quibus
351 3347 478 3401 eorum
497 3328 695 3420 insipientia
719 3328 882 3426 redargui
902 3327 1017 3420 poffit.
1075 3327 1200 3415 ltaque
1295 3356 1300 3360 ·

141 3430 310 3520 quoniam
327 3426 452 3501 cunda
465 3447 674 3501 enumerare
691 3450 766 3502 non
780 3428 981 3521 pollumus,
1001 3447 1116 3520 pauca
1131 3421 1201 3494 suf·

139 3526 305 3614 fecerint.
358 3525 447 3598 Satis
470 3527 525 3600 est
539 3527 715 3628 intelligi,
744 3528 979 3644 philosophos
1002 3546 1120 3614 neque
1139 3524 1198 3614 ju

137 3625 259 3722 iiitiae,
278 3648 382 3720 quam
396 3627 630 3724 ignorabant,
644 3643 767 3719 neque
782 3630 950 3720 virtutis,
978 3644 1081 3718 quam
1099 3643 1195 3696 men·

136 3729 306 3819 tiuntur,
340 3725 409 3802 elle
430 3726 637 3802 doctores·
663 3729 777 3824 Quid
800 3732 896 3802 enim
921 3729 1102 3812 doceant,
1135 3723 1207 3813 qui

134 3825 230 3912 fuam
257 3823 380 3917 sape
369 3827 609 3923 ignorantiam
636 3826 890 3902 confitentur?
931 3823 1047 3896 Mitto
1070 3820 1196 3895 Socra·

134 3942 230 4019 tem,
260 3926 361 4015 qu'us
377 3926 434 4000 est
454 3941 543 4001 nota
571 3926 754 4004 sententia.
798 3928 1050 4018 Anaxagoras
1075 3922 1196 3994 omnia

135 4021 353 4118 circumfusa
376 4028 534 4103 tenebris
564 4026 633 4104 elle
662 4028 934 4200 {enuntiat
940 4020 1196 4120 Empedoclea

571 4158 577 4171 ·
726 4148 747 4223 3
1051 4141 1170 4219 ungu·
