2775 4792
149 406 165 479 j
219 400 291 486 '¹70
371 372 1107 489 Laceuuirtr'meteuulerDat.
1199 400 1202 407 '

216 548 362 644 aliquod
376 548 565 627 maximum
581 552 708 626 malum
723 552 881 648 prosiliat
893 572 959 648 per
972 550 1145 631 furorem.
1175 551 1266 629 Hac

215 649 352 726 iuDeo
366 646 523 725 essenon
538 648 676 745 potest,
691 652 780 744 'quia
791 652 965 727 iliaesrbiiir
977 652 1047 742 est3
1060 654 1101 728 in
1116 649 1265 738 homine

215 750 364 842 autem,'
378 753 459 841 quia
471 746 602 847 fragilis
617 750 688 842 est,
705 752 899 830 invenitur.
934 751 1046 826 inurit
1059 753 1154 827 enim
1166 752 1265 827 laesro

216 850 414 938 doloreme
441 849 475 923 δι
492 850 600 935 dolor
613 850 705 927 facit
721 852 868 925 ultionis
888 850 1126 946 cupiditatem.
1185 851 1266 927 Ubi

195 953 198 965 '
215 949 269 1027 est
283 970 370 1046 crgo
385 949 444 1021 illa
460 948 512 1024 ira
523 949 614 1043 justa
628 949 796 1051 aduersus
810 951 1093 1051 deliraqueptcsi³
1106 972 1183 1045 quae
1195 955 1266 1027 uti·

215 1048 286 1143 que
310 1069 387 1123 nou
410 1045 462 1121 est
484 1049 656 1143 cupiditas
680 1050 859 1143 ultionis,
890 1052 1069 1142 quianon
1094 1052 1267 1145 praecedit

213 1148 350 1242 injuria.
399 1146 491 1221 Non
509 1149 591 1223 dico
608 1149 652 1224 de
668 1150 790 1242 iia-qui
803 1149 968 1247 aduersus
984 1151 1018 1223 ie
1042 1173 1079 1225 es
1094 1167 1265 1245 peccant,

215 1248 341 1343 quibus
363 1246 426 1344 etsi
438 1248 548 1347 judex
564 1248 635 1324 fine
651 1250 796 1324 crimine
811 1248 909 1324 irasci
923 1172 1063 1343 poteri,
1089 1248 1266 1346 fingamus,

213 1364 353 1441 temeti,
378 1346 596 1423 eumsedato
614 1352 733 1425 animo
754 1346 825 1427 etse
846 1351 998 1441 debere,
1022 1370 1103 1423 cunr
1120 1346 1266 1442 subjicit

212 1468 326 1544 poenae
347 1462 563 1551 nocentem,
596 1453 677 1542 quia
697 1451 815 1547 legum
836 1449 880 1523 fit
900 1446 1075 1542 minister,
1099 1470 1177 1524 nou
1190 1450 1265 1525 trui-¹

211 1548 282 1631 mi,
299 1561 361 1621 aut
375 1544 560 1642 potestati·
576 1550 662 1639 suae3
680 1550 727 1647 sic
743 1549 1004 1649 enim-volunt,
1024 1548 1084 1641 qui
1095 1549 1185 1625 iram
1200 1570 1262 1623 co-

116 1703 120 1709 ·
210 1660 341 1737 rantur
364 1650 533 1726 evellere.
588 1654 665 1727 ¹Sed
688 1651 733 1725 de
755 1650 798 1723 iis
821 1647 1033 1742 potissimum
1056 1644 1167 1741 dico,
1201 1646 1262 1742 qui

110 1780 113 1793 ·
188 1779 191 1789 ·
211 1748 293 1827 sunt
311 1748 440 1824 nostru
459 1751 667 1844 potestatis,
692 1767 734 1823 ut
749 1749 863 1841 servi,
887 1746 1017 1845 liberi,
1037 1748 1261 1844 conjuges&

209 1848 389 1943 discipuli:
422 1870 513 1942 quus
535 1874 617 1929 cum
639 1851 844 1943 delinquere
863 1846 1048 1942 videmus,
1064 1849 1260 1923 incitamur

210 1949 257 2025 ad
276 1942 561 2028 coercendum’
803 2026 806 2031 ,
853 2014 856 2018 .
1004 1996 1008 2005 -
1079 2022 1082 2027 ,
1202 1990 1206 2003 ·
1243 1990 1247 1999 ·

277 2046 431 2124 Necesse
455 2047 507 2123 est
532 2052 625 2127 enim
650 2053 753 2125 bono
772 2070 815 2123 ac
831 2045 927 2141 iustu
940 2043 1153 2145 displicere,
1182 2067 1259 2141 quae

208 2144 436 2245 pravasunt,
462 2147 569 2225 &cui
586 2153 715 2234 maium
729 2144 910 2243 displicet,
935 2149 1098 2239 moveri,
1124 2168 1207 2225 cum
1223 2146 1259 2221 id

208 2246 288 2321 fieri
310 2246 421 2319 videt
469 2244 570 2346 Ergo
594 2248 762 2345 surgimus
777 2249 820 2321 ad
838 2245 1053 2336 vindiciamr
1071 2266 1156 2320 mon
1178 2250 1257 2340 quie

207 2345 276 2421 laesr
294 2342 431 2437 sumus,
461 2341 521 2421 sed
539 2365 581 2422 ut
599 2348 779 2440 disciplina
793 2345 980 2438 servetur,
1004 2366 1126 2421 mores
1146 2348 1257 2419 corri-

206 2458 365 2544 gantur,
400 2445 545 2522 licentia
568 2447 833 2540 comprimatur.
891 2445 979 2519 Haec
1002 2443 1054 2519 est
1079 2447 1131 2519 ira
1152 2445 1256 2539 justa,

207 2554 291 2643 qua
302 2543 390 2619 sicut
405 2544 443 2617 in
462 2546 608 2623 humine
626 2543 815 2620 neccssaria
834 2541 945 2618 estad
968 2545 1156 2636 pravitatis
1176 2564 1256 2619 cor·

138 2710 140 2715 .
202 2641 426 2737 restionem,
450 2644 498 2720 irc
522 2647 646 2739 utique
672 2646 718 2719 in·
731 2643 839 2736 Deo,
866 2665 886 2719 a
910 2665 983 2736 quo
1006 2645 1050 2716 ad
1074 2645 1256 2719 hominem

204 2746 376 2840 pervenit
388 2747 600 2847 exemplum.
636 2742 732 2818 Nam
748 2730 849 2819 iicuti
863 2763 931 2841 nus
946 2742 1114 2835 potestati
1126 2742 1256 2817 nostra

205 2840 382 2935 suchdios
405 2861 576 2919 coercere
595 2844 786 2917 debemus:
820 2843 870 2915 ita
886 2842 991 2919 etiam
1009 2857 1159 2935 peccata
1181 2843 1255 2915 uni·

206 2941 394 3015 versorum
419 2944 531 3018 Deus.
546 2963 719 3033 coercete
744 2943 862 3015 debet.
924 2943 1036 3041 Quod
1060 2956 1102 3015 ut
1126 2942 1253 3033 faciat,

204 3036 397 3135 irascatur,
422 3040 561 3137 necess'e
576 3041 645 3128 est3
673 3041 755 3131 quia
777 3041 938 3122 naturale
952 3039 1004 3115 est
1023 3041 1125 3122 botro
1145 3042 1195 3121 ad·
1210 3042 1255 3115 el·

205 3140 317 3230 terius
343 3157 530 3232 peccatum
551 3141 694 3224 moveri
716 3139 751 3212 dt
773 3140 924 3235 incitari.
979 3138 1082 3239 Ergo
1107 3138 1255 3214 definire

206 3239 427 3313 debuerunt:
458 3239 513 3327 lra
528 3239 728 3334 estmutus
754 3239 863 3312 animi·
881 3238 923 3310 ad
947 3240 1158 3315 coercenda·
1173 3260 1255 3333 pec·

207 3353 287 3411 cata
308 3337 529 3435 insurgentis.
579 3337 674 3412 Nam
701 3337 863 3411 definitio
888 3335 1112 3430 Ciceronis,·
1127 3334 1185 3411 Ira
1204 3337 1255 3413 est

204 3436 317 3515 libido
341 3436 555 3532 ulciscendi,
579 3450 657 3510 riou
678 3440 829 3511 multum
849 3433 1254 3530 asuperioribusdistat

204 3537 263 3612 lra
279 3547 417 3624 autem,
444 3559 547 3630 quam
559 3534 741 3632 possumus
757 3536 820 3609 vei
834 3535 1015 3615 furoreme
1037 3538 1099 3609 vel
1115 3538 1254 3611 iracun-

204 3637 298 3710 diam
311 3638 516 3728 nominare,
525 3637 601 3731 hacc
616 3656 663 3707 ne
677 3636 715 3706 in
730 3635 876 3708 homine
889 3635 1033 3726 quidem·
1045 3636 1161 3709 debet·
1173 3635 1254 3731 eise,

205 3736 288 3827 quia
304 3746 384 3811 tota
400 3734 528 3809 vitiosa
543 3733 602 3835 eit
660 3732 718 3806 ira
740 3754 859 3826 ver0,·
888 3755 964 3824 quae
989 3734 1033 3807 ad
1059 3735 1253 3809 corrediio·

137 3855 140 3860 ·
203 3852 288 3910 nem
303 3835 474 3926 vitiorum
489 3835 666 3931 pertinet,
684 3853 752 3904 nec
766 3834 903 3909 homini
917 3833 1018 3905 adimi
1035 3834 1166 3927 debet,
1186 3855 1254 3909 nec

202 3931 290 4009 Deo¹
307 3933 444 4034 potest,
471 3934 551 4030 quia
567 3931 601 4009 dt
617 3932 712 4006 utilis
732 3930 789 4008 est·
803 3933 908 4008 rebus
931 3933 1116 4027 humanis,
1143 3935 1178 4007 ἃ
1192 3956 1251 4009 ue·
1293 3926 1299 3933 ’

199 4028 357 4120 cessaria.

1033 4128 1208 4204 CAPUT
