2775 4792
295 401 562 477 anraurm
585 388 723 475 arran
747 362 910 477 orlac
933 396 1036 477 Dur.
1121 422 1193 503 ¹39

142 579 220 738 ne}
236 556 411 736 grafiaff}
430 554 627 636 veniamus'
642 560 687 637 ad
710 554 823 659 illud,
844 554 1196 655 quodomnium

143 682 194 758 po
223 677 295 736 tum
321 686 341 736 e
373 718 382 738 .
601 674 603 679 ’
1042 694 1047 703 ·

202 1060 257 1183 De
273 1115 342 1184 Deo
361 1091 534 1194 Stoicorum
545 1115 739 1206 sententia,
762 1111 797 1185 dc
811 1106 919 1191 Ira&
928 1098 1038 1206 gratia
1050 1113 1131 1219 ejur.
1166 1054 1174 1105 ε’

135 1267 424 1444 Existimantur
439 1270 573 1368 Stoici,
592 1268 699 1346 &alii
714 1270 899 1364 nonnulli,
921 1273 1103 1365 aliquanto
1119 1290 1194 1348 me·

231 1372 296 1443 lius
318 1371 362 1444 de
379 1372 568 1446 divinitate
588 1369 744 1463 senfiss'e‚
770 1373 832 1464 qui
848 1373 965 1460 aiunt,
991 1373 1138 1467 gratiam
1153 1375 1195 1447 in

140 1467 333 1563 Deuade,
357 1471 444 1544 iram
459 1480 534 1543 non
548 1468 646 1546 olle..
676 1469 901 1545 Favotabilis
917 1471 1127 1566 admodum,
1151 1492 1196 1546 ac

143 1571 325 1662 popularis
351 1571 493 1661 oratio,
519 1592 596 1644 non
618 1567 745 1644 cadere
766 1570 803 1642 in
830 1569 948 1645 Deum
971 1570 1064 1643 hanc
1088 1571 1196 1650 animi

141 1669 389 1762 pusillitatem,
414 1683 457 1742 uc
473 1672 517 1743 ab
531 1670 596 1743 illo
609 1669 648 1744 se
661 1666 778 1744 laesum
789 1681 917 1776 putet,
943 1670 1002 1761 qui
1018 1667 1097 1743 laudi
1116 1690 1198 1746 non⁴

141 1767 279 1860 potest3
310 1782 351 1840 ut
371 1769 491 1861 quieta
507 1768 589 1863 illa,
615 1769 650 1843 δι
668 1758 781 1843 sandta
798 1766 956 1860 maJestas
974 1769 1196 1863 concitetur,

139 1869 394 1959 perturbetur,
420 1866 586 1961 insaniat,
621 1866 720 1961 quod
740 1867 791 1941 est
811 1879 962 1941 terrena
981 1865 1200 1964 fragilitatisa

138 1964 235 2039 Iram
259 1967 357 2039 enim
383 1968 668 2041 commotionem
695 1966 826 2039 mentis
853 1964 922 2039 elle
942 1987 985 2039 ac
1010 1970 1193 2060 perturba·
1293 2018 1297 2033 -

139 2065 301 2159 tion'em,
336 2086 414 2156 quae
434 2065 477 2139 lit
497 2088 517 2138 a
536 2064 620 2139 Deo
642 2066 767 2160 aliena,
824 2064 937 2165 Quod
960 2066 986 2141 fi
1010 2066 1197 2143 hominem

141 2184 310 2258 quoque,
337 2166 396 2261 qui
414 2164 526 2239 modo
543 2166 586 2238 lit
601 2163 735 2259 sapiens
752 2164 786 2267 dc
803 2165 944 2261 gravis,
969 2164 1022 2238 ira
1037 2185 1115 2239 nou
1134 2164 1197 2239 de·-

142 2276 224 2336 ceat
241 2255 470 2358 (liquidem,
496 2285 577 2339 cum
600 2264 637 2339 in
659 2265 813 2339 animum
833 2264 1038 2358 cujusquam
1054 2264 1197 2361 incidit,

141 2364 246 2434 velut
266 2361 367 2436 saeva·
381 2363 568 2458 tempestas
590 2365 873 2437 tantos'excitet
895 2362 1044 2455 fluctus,
1068 2378 1112 2436 ut
1130 2362 1198 2438 sta·
1282 2396 1286 2415 .

141 2474 219 2536 tum
234 2465 362 2535 mentis
378 2464 554 2556 immutet,
569 2458 752 2538 ardescant
767 2464 883 2554 oculi,
904 2483 946 2535 os
962 2472 1113 2554 tremat,
1130 2464 1196 2537 lin·

141 2583 210 2657 gua
226 2563 378 2650 titubet,
400 2563 524 2634 dentes
542 2576 786 2656 concrepent,
806 2561 951 2635 alternis
967 2562 1109 2635 vultum
1125 2583 1198 2635 ma·

141 2663 243 2732 culet
267 2678 363 2729 nunc
385 2655 532 2731 suffusus
555 2661 686 2742 rubor,
714 2680 810 2733 nunc
831 2662 947 2752 pallor
967 2658 1197 2757 albescenst)

142 2770 281 2847 quanto
301 2755 409 2852 magis
427 2756 546 2830 Deum
565 2777 642 2830 non
666 2757 793 2831 deceat
812 2770 883 2831 tam
904 2757 998 2830 foeda
1016 2757 1197 2832 mutatio?

141 2855 195 2928 Et
211 2855 233 2926 fi
247 2855 383 2947 homo,
411 2856 470 2947 qui
485 2856 593 2945 habet
609 2857 795 2950 imperium
812 2875 853 2927 ac
867 2855 1105 2948 potestatem,
1123 2860 1197 2932 late

142 2968 278 3029 noceat
299 2974 363 3047 per
386 2955 494 3044 iram,
526 2954 729 3051 sanguinem
751 2955 896 3047 fundat,
921 2956 1027 3030 urbes
1050 2953 1197 3032 subver-

142 3054 224 3146 tat,
256 3052 414 3147 populos
435 3056 571 3145 deleat,
602 3050 810 3167 provincias
834 3054 877 3125 ad
898 3051 1122 3132 solitudinem
1141 3078 1198 3131 re·

141 3153 260 3246 digat3
291 3167 423 3241 quanto
442 3155 550 3246 magis
571 3151 710 3244 Deum,
736 3154 795 3244 qui
809 3151 939 3227 habeat
959 3156 1072 3229 totius
1090 3177 1198 3253 gene·

141 3252 191 3323 ris
208 3252 373 3342 humani,
398 3251 431 3321 ἃ
450 3253 553 3344 ipsius
572 3252 695 3324 mundi
713 3250 947 3344 potestatem,
973 3254 1198 3348 perditurum

142 3349 244 3425 fuille
263 3349 427 3421 uniuersa
445 3351 613 3422 credibile
631 3350 694 3430 su,
720 3348 994 3425 llirasceretur?
1036 3394 1039 3399 ·
1097 3399 1102 3409 ι
1126 3426 1128 3445 ,

219 3447 348 3522 Abesse
368 3449 474 3544 igitur
498 3450 540 3520 ab
565 3469 611 3521 eo
632 3462 705 3522 tam
719 3468 904 3543 magnum,
931 3464 1003 3523 tam
1019 3447 1200 3545 pumicio·

140 3543 219 3622 sum
240 3551 369 3621 malum
392 3553 576 3639 oportere.
627 3544 676 3619 Et
695 3545 719 3619 sl
740 3547 826 3620 abfit
841 3548 884 3623 ab
901 3569 946 3621 eo
962 3551 1043 3640 ira,
1061 3548 1095 3621 &
1111 3568 1198 3622 eon·
1229 3544 1233 3553 “

144 3645 293 3738 citatio,
315 3646 397 3737 quia
413 3648 446 3720 dr
464 3645 654 3736 deformis,
681 3644 840 3720 &noxia
855 3645 924 3738 est,
949 3668 1018 3721 nec
1034 3646 1198 3737 cuiquam

144 3743 373 3837 malefaciat,
407 3745 494 3817 nibil
519 3745 611 3817 aliud
635 3743 837 3838 supereffe,
875 3746 936 3818 nisi
960 3759 1002 3818 ut
1026 3744 1070 3821 fit
1091 3747 1200 3839 lenis,

145 3843 379 3934 tranquillus,
400 3845 597 3937 propitius,
615 3841 822 3936 beneficus,
842 3840 1112 3921 conservator.'
1140 3844 1199 3918 Ita
1276 3854 1279 3859 ’

144 3941 241 4014 enim
264 3940 403 4013 demum
427 3942 460 4014 &
485 3943 682 4015 communis
707 3944 865 4015 omnium
889 3953 1016 4035 pater,
1040 3943 1082 4017 ’δι
1103 3944 1197 4035 opti·

143 4060 231 4126 mus·
247 4040 417 4117 maximus
436 4041 505 4116 dici
523 4044 682 4139 poterit,
709 4042 808 4136 quod
829 4042 969 4136 expetit
989 4043 1198 4209 divianoe-

721 4156 724 4161 ·
1043 4144 1091 4213 le
1112 4139 1168 4207 ‘xu-
