2775 4792
223 428 290 511 192
322 413 541 491 Lacrnnsn
557 430 665 489 tnta
680 430 731 487 ut
744 406 948 487 Monamus
965 409 1175 492 Psasrcur,

219 574 445 672 &aucupans
460 576 574 647 exitus
589 594 719 649 rerum.
769 572 837 647 Ille
849 572 978 647 infidiis
996 572 1063 647 suis
1082 576 1280 670 barbaros,

219 676 347 768 quibus
363 696 443 749 mos
460 672 509 747 est
525 694 605 747 cum
622 674 788 748 omnibus
805 671 872 745 suis
896 674 939 745 ad
958 672 1089 747 bellum
1104 694 1271 771 pergere,

217 775 446 851 multitudine
458 773 670 865 impeditos,
695 771 885 849 &sarcinis
901 787 1098 866 occupatos
1111 795 1191 847 nou
1208 772 1274 847 dif-

218 870 361 950 ficiliter
379 870 566 967 oppressum
592 871 789 967 fugatoque
804 869 943 944 Narseo
960 870 1080 968 Rege,
1106 870 1272 949 reversus

220 994 303 1048 cum
329 974 445 1066 praeda
468 972 638 1044 manubiis
664 970 892 1067 ingentibus,
925 970 987 1043 fibi
1009 971 1129 1043 attulit
1152 968 1272 1066 super-

217 1077 335 1168 biam,
361 1071 593 1145 Diocletiano
611 1072 788 1143 timorem.
844 1070 885 1171 ln
901 1081 1022 1142 tantos
1045 1091 1195 1163 namque
1218 1072 1270 1145 fass

186 1216 188 1221 .
218 1177 291 1250 stus
311 1172 391 1267 post
415 1172 507 1243 hanc
528 1169 711 1242 vibloriam
734 1170 895 1243 elevatus
914 1168 985 1261 est,
1011 1171 1136 1261 utiam
1152 1171 1274 1244 detre-

221 1271 332 1349 daret
355 1268 495 1343 Caesaris
516 1289 660 1341 nomen.
720 1267 832 1365 Quod
856 1289 935 1341 curn
957 1268 994 1341 in
1016 1270 1145 1341 litteris
1169 1270 1213 1343 ad
1233 1268 1271 1344 se

219 1374 310 1449 datis
331 1366 499 1460 audisset,
526 1369 616 1439 truci
636 1367 743 1439 vultu
759 1387 800 1440 ac
816 1388 915 1439 uoce
928 1369 1078 1441 terribili
1097 1370 1270 1443 exclama·

217 1474 301 1551 bat:
328 1474 605 1570 Quousque
624 1464 824 1539 Casani
849 1464 988 1538 Exinde
1009 1465 1269 1543 insolentislima

217 1595 323 1671 agere
341 1569 469 1661 coepit,
495 1582 536 1645 ut
557 1587 600 1639 ex
617 1566 738 1638 Marte
758 1564 792 1637 se
811 1581 1058 1665 procreatum,
1084 1566 1266 1661 &videri

219 1675 255 1748 δι
274 1672 343 1746 dici
359 1670 494 1756 uellet,
520 1679 686 1757 tanquam
708 1666 857 1737 alterum
876 1662 1093 1754 Romulum3
1127 1665 1266 1739 maluit-

220 1788 289 1866 que
308 1766 502 1843 Romulum
522 1778 668 1837 matrem
687 1762 810 1855 stupro
828 1762 1016 1851 infamare,
1042 1778 1083 1835 ut
1099 1765 1173 1859 ipse
1185 1765 1267 1839 Diis

219 1871 393 1947 oriundus
418 1865 612 1940 videretur.
675 1860 746 1935 Sed
771 1860 900 1935 differo
927 1862 971 1935 de
995 1860 1094 1935 fabiis
1115 1864 1190 1956 ejus
1218 1866 1269 1937 di-

216 1995 325 2064 cere,
359 1990 404 2041 ne
427 1964 642 2039 confundam
668 1976 842 2055 tempora.
892 1960 1018 2035 Postea
1045 1965 1138 2035 enirn
1162 1985 1265 2055 quam

168 2110 170 2115 ·
216 2090 352 2147 nomen
375 2063 601 2158 Imperatoris
619 2062 777 2155 accepit,
804 2075 915 2135 exuto
935 2060 1084 2156 socero,
1112 2077 1189 2135 tum
1208 2064 1266 2136 de·

217 2193 314 2247 mum
335 2165 452 2237 furere
470 2163 601 2255 coepit,
628 2162 661 2231 dr
682 2175 916 2235 contemnere
936 2163 1065 2241 urnula.
1116 2160 1266 2235 Diocles

221 2271 308 2366 [stc]
330 2266 421 2337 enim
440 2274 521 2333 ante
540 2261 725 2351 imperium
743 2262 959 2335 vocabatur:
985 2282 1064 2333 cum
1078 2263 1268 2355 rempubli-
1291 2332 1295 2338 .

218 2388 296 2442 carn
314 2364 443 2437 talibus
462 2358 613 2434 consiliis
634 2358 667 2430 δι
687 2358 814 2431 talibus
834 2358 936 2431 sociis
952 2374 1158 2451 everteret,
1185 2382 1265 2439 curu

219 2489 289 2563 pro
313 2461 499 2537 sceleribus
521 2458 587 2534 suis
609 2458 695 2531 nihil
716 2478 792 2532 non
812 2472 1032 2549 mereretur,
1059 2461 1193 2551 tamdiu
1216 2475 1269 2532 ta-

216 2589 300 2643 men
322 2563 450 2636 summa
467 2560 637 2634 felicitate
658 2558 841 2653 regnavit,
869 2558 1032 2650 quamdiu
1049 2580 1172 2631 manus
1189 2558 1264 2632 suas

212 2667 387 2761 justorum
405 2659 567 2757 sanguine
587 2657 886 2750 nouinquinaret.
940 2662 1057 2756 Quam
1074 2680 1167 2733 vero
1183 2680 1265 2733 cau·

216 2766 286 2841 sam
304 2760 535 2859 persequendi
553 2757 742 2851 habuerit,
769 2778 957 2850 exponam.

717 2917 761 2992 X.

292 3060 382 3135 Cum
407 3070 526 3155 ageret
545 3058 582 3129 in
604 3058 763 3150 partibus
782 3055 961 3149 Orientis,
986 3070 1028 3131 ut
1047 3071 1123 3132 etat
1138 3066 1207 3153 pro
1224 3063 1264 3133 ti·

215 3183 318 3240 more
344 3161 518 3233 scrutator
543 3177 660 3231 rerum
682 3156 900 3248 futurarum,
931 3159 1136 3232 immolabat
1154 3181 1262 3252 pecu·

214 3265 300 3353 des,
325 3260 407 3334 &in
420 3257 602 3350 jecoribus
618 3277 737 3331 earum
757 3270 909 3330 ventura
927 3259 1115 3348 quaerebat.
1164 3258 1261 3333 Tum

214 3362 356 3457 quidam
372 3357 609 3432 ministrorum
624 3354 774 3429 scientes
794 3356 1008 3447 Dominum,
1030 3378 1109 3429 curn
1127 3357 1263 3433 adsiste·

213 3475 296 3536 rent
320 3457 537 3547 immolanti,
563 3456 806 3545 imposuerunt
829 3454 1007 3529 frontibus
1032 3454 1098 3528 suis
1119 3456 1264 3541 immor,-

213 3565 287 3635 tale
305 3559 448 3657 fignum.
501 3557 588 3654 Quo
604 3553 726 3647 sado,
752 3553 878 3651 fugatis
898 3555 1139 3647 doemouib'us,
1165 3554 1264 3630 sacra

214 3664 358 3732 turbata
379 3656 468 3730 sunt.
527 3653 564 3726 T
566 3654 773 3750 tepidabant
801 3652 1000 3747 aruspices,
1040 3675 1108 3726 nec
1138 3653 1260 3729 solitas

214 3758 253 3832 in
274 3760 364 3830 extis
383 3770 488 3830 notas
511 3753 706 3840 videbant3
741 3750 885 3844 &quast
907 3774 982 3825 uon
1003 3752 1179 3845 litassent,
1204 3754 1261 3827 sae·

154 3892 159 3901 ·
213 3858 294 3952 pius
315 3856 556 3932 immolabant.
605 3854 742 3929 Verum
759 3850 949 3925 identidem
968 3850 1264 3926 mastataelrostiae

213 3956 301 4031 nihil
315 3953 567 4045 ostendebant,
594 3951 712 4025 donec
726 3950 886 4047 magister
902 3950 961 4023 ille
978 3951 1172 4045 aruspicum
1189 3950 1263 4025 Ta-

212 4058 288 4155 gis,
309 4054 368 4132 seu
384 4051 601 4148 suspicione,
621 4047 681 4125 seu
697 4048 794 4146 visu,
814 4051 862 4125 ait
876 4050 1012 4125 idcirco
1027 4072 1102 4129 non
1114 4048 1262 4225 tdespon·

1150 4173 1213 4226 ere
