2775 4792
140 488 144 495 ,
219 425 291 481 220
321 398 542 485 Lamum
556 382 734 537 nnm'pr
748 372 952 541 Mortuus
968 402 1175 484 Prasacur.
1292 490 1295 494 A

216 562 291 642 loci
310 565 488 641 feminam
507 566 578 642 line
595 580 718 663 more,
743 566 814 641 srne
829 567 1021 663 ,cremplm¹
1045 570 1211 642 maritum
1229 562 1276 641 at:

216 682 335 742 tarum
357 668 521 761 experiri.
580 666 778 740 Nuntiatur
797 667 934 743 homini
962 667 1045 759 quid
1071 665 1158 741 esset
1183 666 1275 744 ausa.

213 768 349 843 Libido
364 768 401 841 io
415 766 501 839 iram
513 764 747 859 furoremque
765 768 1004 841 convertitur.
1054 765 1183 841 Statim
1198 788 1275 841 mu·

152 939 156 947 .
216 868 340 943 lierem
362 863 575 960 proscribit,
601 868 698 940 bona
720 866 797 957 eius
817 869 937 960 rapit,
964 866 1081 938 aufert
1105 869 1275 959 comites,

123 1010 127 1017 ·
216 964 391 1061 spadones
419 966 456 1038 in
479 967 669 1039 tormentis
694 979 827 1046 necat,
860 964 967 1060 ipsam
991 987 1071 1038 cum
1096 982 1209 1040 matre
1238 969 1274 1041 in

215 1067 360 1143 exilium
374 1066 528 1160 relegam
549 1084 617 1137 nec
632 1065 668 1138 ln
682 1067 805 1138 locum
821 1081 975 1139 certum:
1001 1062 1060 1138 sed
1074 1065 1146 1139 huc
1163 1081 1277 1157 atque

214 1165 541 1258 illuc-praecipitem
567 1184 648 1267 epm
673 1162 829 1239 ludibrio
856 1165 1047 1259 exturbat,
1081 1164 1115 1238 &
1141 1164 1271 1240 amicas

215 1268 292 1359 ejus
308 1262 423 1343 afficto
444 1263 619 1338 adulterio
638 1264 790 1339 damnat
822 1296 824 1301 ·
945 1301 955 1325 x

695 1424 781 1502 XL.

258 1624 260 1629 .
288 1560 378 1642 Erat
390 1562 569 1645 clarissima
581 1567 746 1660 soemina,
763 1568 820 1641 cui
837 1587 883 1640 ex
897 1563 977 1640 filiis
991 1564 1189 1659 iuvenibus
1201 1568 1270 1660 jam

201 1682 366 1762 ‘nepotes
384 1680 497 1742 erant.
545 1668 650 1741 Hanc
666 1668 813 1741 Valeria
831 1680 996 1758 tanquam
1016 1682 1166 1741 matrem
1186 1670 1268 1741 alte-

210 1788 289 1843 ram
305 1768 494 1864 diligebat,
520 1769 620 1860 cujus
640 1765 788 1838 cosilio
805 1779 968 1862 negatam
984 1765 1045 1839 srbi
1062 1765 1266 1863 suspicatur.
1304 1806 1307 1823 ·

210 1868 287 1943 Dat
310 1868 496 1963 negotium
519 1865 655 1940 Praesrdi
679 1863 874 1958 Eratineo,
899 1879 942 1938 ut
960 1887 1037 1940 eam
1060 1888 1142 1941 cum
1165 1866 1269 1941 deda

103 1980 106 1985 ’
211 1962 301 2042 cor'e
318 1964 528 2043 interficiat·
574 1966 675 2040 Huic¹
690 1965 765 2057 aliae
786 1964 863 2038 dua
880 1964 1143 2062 adjunguntur,
1169 1988 1266 2059 arque

210 2068 378 2160 nobiles,
405 2087 553 2156 quarum
574 2068 686 2143 altera
704 2063 885 2139 Vestalem
905 2064 1070 2140 famulam
1090 2068 1266 2163 virginem

95 2179 96 2183 ‘
209 2167 337 2240 Roma
360 2166 578 2255 reliquerat,
610 2164 773 2260 fugitivae
792 2177 881 2238 tuuc
899 2166 1054 2238 Valeriae
1074 2165 1265 2241 familiaris.
1305 2216 1307 2261 Ι

209 2263 338 2340 Altera
354 2265 470 2336 virum
484 2263 611 2336 babuit
626 2262 864 2355 senatorem,
890 2285 965 2337 non
983 2264 1084 2338 nimis
1099 2260 1274 2362 Augusta

209 2364 385 2460 proxima.
444 2361 515 2435 S'ed
536 2376 687 2454 utraque
711 2362 760 2433 ob
781 2364 944 2436 eximiam
967 2365 1267 2455 pulchritudinem

213 2462 378 2555 corporis
395 2480 437 2534 ac
452 2461 658 2554 pudicitiam
674 2462 881 2535 necabatur.
932 2460 1134 2554 Rapiuntur
1148 2460 1264 2539 subito

209 2565 398 2654 mulieres,
419 2582 495 2634 non
511 2561 758 2654 adjudicium,
776 2557 835 2634 scd
851 2560 895 2633 ad
910 2561 1150 2640 latrocinium.
1186 2566 1266 2640 Nec
1305 2562 1307 2585 ²

210 2658 305 2737 enim
320 2663 502 2752 quisquam
518 2659 704 2734 accusator
720 2662 876 2735 extabat.
921 2660 1111 2735 Invenitur
1125 2666 1265 2756 quidam

209 2763 350 2858 Judaeus
370 2763 420 2832 ob
437 2761 503 2832 alia
522 2759 685 2843 facinora
702 2780 806 2852 reus,
833 2759 893 2851 'qui
908 2758 966 2853 spe
979 2764 1202 2856 impunitatis
1218 2767 1265 2839 in·

210 2860 357 2948 dusius,
385 2857 551 2932 adversus
570 2860 729 2932 insontes
751 2861 954 2935 mentiatur.
1011 2860 1128 2956 Judex
1143 2886 1263 2957 aequus

208 2960 412 3051 &diligens
436 2975 539 3030 extra
561 2960 747 3033 civitatem
764 2980 852 3034 *cum
874 2959 1053 3052 prasidio,
1079 2981 1127 3034 ne
1142 2963 1264 3058 lapidi·

207 3059 275 3133 bus
302 3061 503 3148 obruatur,
538 3058 704 3151 protulit.
766 3057 953 3153 Agebatur
984 3058 1061 3132 hac
1091 3066 1262 3159 tragoedla

206 3158 350 3235 Nicaeae.
399 3155 612 3252 lnrogantur
631 3171 813 3230 tormenta
826 3156 973 3250 Judaeo,
1001 3158 1085 3235 dum
1100 3168 1180 3251 quae
1198 3162 1261 3256 jus·

206 3259 263 3333 sus
282 3258 380 3348 [crat
394 3257 547 3344 diceret3
574 3257 628 3330 hae
645 3254 712 3351 ne]
728 3259 984 3350 loquerentur,
1009 3262 1136 3355 pugnis
1148 3284 1172 3333 a
1188 3278 1263 3335 tor·

206 3361 347 3432 toribus
364 3371 600 3429 coercentur:
625 3357 837 3430 innocentes
854 3351 938 3429 duci
951 3357 1134 3448 jubentur.
1186 3363 1262 3436 Fle-

205 3473 265 3533 tus
291 3458 323 3531 δι
348 3456 614 3548 comploratio,
647 3477 725 3528 non
747 3456 846 3529 illius·
862 3469 1001 3529 tantum
1023 3460 1168 3552 mariti,
1203 3463 1261 3554 qui
1295 3518 1298 3533 .

203 3561 330 3634 aderat
354 3560 447 3629 bene
470 3556 604 3629 meritae
625 3557 758 3647 uxori,
792 3552 852 3627 sed
875 3557 1057 3648 omnium,
1084 3578 1178 3647 quos
1205 3582 1260 3635 res

204 3655 402 3753 indigna&
426 3655 582 3727 inaudita
605 3667 845 3727 contraxerat.
897 3652 954 3726 Ac
974 3676 1022 3727 ne*
1041 3656 1181 3749 impetu
1197 3683 1261 3755 po·

143 3816 145 3821 .
205 3760 281 3854 puli
301 3757 344 3829 de
361 3750 566 3828 carnificum
583 3753 744 3827 manibus
757 3768 978 3845 raperentur,
992 3759 1153 3847 promoti
1174 3763 1261 3834 mili-

208 3857 276 3931 tari
291 3850 402 3928 modo
419 3852 574 3926 instructi
595 3852 778 3925 velites&
800 3850 963 3949 sagittarii
984 3855 1262 3947 prosequuntur.

200 3957 264 4033 -Ita
283 3954 405 4029 media
420 3947 514 4026 inter
532 3950 667 4025 cuneos
684 3968 898 4026 armatorum
915 3953 957 4024 ad
973 3953 1183 4048 supplicium
1204 3962 1263 4034 de

146 4066 168 4219 'g
198 4042 340 4133 atoue..
379 4052 640 4151 jacuissentque
651 4051 855 4150 insepultae,
874 4051 1074 4130 domesticis
1089 4059 1124 4129 in
1142 4058 1264 4153 fugam

767 4168 770 4173 '
1088 4159 1216 4254 verlls,
