2775 4792
196 425 268 526 r96
297 420 520 507 Lucanum
534 435 644 534 pura
656 395 710 496 na
719 378 932 565 diluamus
948 415 1161 498 Paratour.

106 625 121 683 ·.
150 664 155 673 ,
197 607 265 665 nes
279 584 456 678 denique,
482 582 541 677 qui
561 594 663 657 erant
677 581 871 676 in-palatio
887 579 1066 680 magistri,
1094 581 1177 656 data
1193 572 1265 676 po·

191 685 348 780 testate,
373 685 648 776 torquebantur.
704 679 819 769 Erant
834 695 1036 776 certantes,
1061 681 1140 776 quia
1154 682 1260 775 prior

200 785 333 879 aliquid
345 782 536 863 inveniret
561 780 663 856 Nihil
676 782 1102 878 usquumreperiebatur3
1124 783 1261 876 quippe

199 908 283 961 curn
298 884 465 958 familiam
479 879 622 956 Caiatia
638 902 747 957 nemo
765 895 965 973 torqueret.
1016 880 1154 955 Aderat
1170 878 1262 979 ipse,

111 1028 113 1033 ·
201 987 237 1060 ἃ
256 983 432 1081 instabat,
457 1001 526 1057 nec
548 982 752 1077 patiebatur
775 981 863 1056 bam
885 980 1140 1057 inconfiderati
1165 977 1260 1063 senis

200 1084 408 1182 deflagrare.
465 1079 536 1157 Sed
553 1080 757 1174 quindecim
773 1081 901 1156 diebus
919 1078 1132 1174 interjediis,
1162 1078 1263 1153 aliud

199 1181 337 1260 rursum
358 1181 562 1257 incendium
584 1180 732 1256 molitus
750 1178 815 1259 est.
864 1174 904 1254 Id
929 1181 1081 1254 celerius
1105 1180 1262 1253 animad-

200 1281 371 1379 uersum,
406 1300 475 1355 nec
501 1294 620 1355 tamen
646 1294 753 1353 autor
777 1284 950 1375 apparuit.
1009 1278 1118 1354 Tunc
1145 1277 1263 1354 Caesar

201 1383 324 1463 medio
348 1380 488 1474 hyemis
509 1377 740 1479 profeffione
761 1379 892 1474 parata
906 1380 1097 1481 prorupit,
1128 1378 1262 1457 eodem

200 1482 260 1561 die
280 1480 511 1576 contestans,
537 1478 663 1580 fugere
678 1477 714 1556 se
730 1500 779 1557 ne
795 1480 903 1555 vivus
925 1480 1079 1566 arderet

621 1644 623 1649 '
685 1636 777 1717 XV.

274 1780 433 1856 Furebat
459 1800 548 1878 ergo
567 1776 769 1874 Imperator
789 1770 862 1873 jam
883 1800 963 1856 non
982 1779 1021 1854 in
1040 1777 1261 1855 domesticos

199 1894 363 1975 tantum,
381 1878 441 1955 sed
454 1883 492 1954 in
506 1900 655 1973 omnes,
672 1878 708 1953 aa·
722 1880 872 1974 primam
884 1879 1045 1956 omniurn
1061 1877 1169 1955 filiam
1186 1881 1262 1955 Va·

198 1978 345 2073 leriam,
362 1981 625 2078 conjugemque
638 1974 789 2059 Priscam
803 1977 979 2060 sacrificio
994 1980 1109 2075 pollui
1124 1980 1260 2078 coegit.

199 2079 433 2156 Potentiflimi
451 2082 633 2172 quondam
655 2079 811 2155 eunuchi
830 2080 975 2172 necati,
993 2100 1066 2174 ‚per
1087 2099 1179 2172 quos
1201 2101 1261 2173 pa·

199 2182 325 2255 latium
346 2177 469 2272 &ipse
489 2189 573 2251 ante
595 2177 792 2256 constabat
820 2178 1088 2273 ,Comprehensa
1105 2178 1263 2270 Presby-

140 2338 142 2343 .
200 2284 271 2351 teri
285 2298 326 2349 ac
338 2276 504 2360 ministri,
529 2279 563 2349 ἀ
577 2277 650 2350 dne
664 2280 737 2351 ulla
749 2279 966 2373 probatione
982 2300 1024 2355 ac
1040 2277 1264 2353 confessione

197 2377 381 2458 damnati,
406 2396 488 2465 curn
514 2378 680 2449 omnibus
706 2376 774 2450 suis
799 2378 1080 2454 deducebantur.
1131 2376 1263 2451 Omnis

200 2474 305 2553 sextas
322 2475 484 2550 &aetatis
501 2477 665 2561 homines
680 2476 727 2549 ad
736 2475 959 2553 exustionem
973 2480 1084 2570 rapti:
1108 2498 1177 2551 nec
1195 2478 1265 2575 san,-

201 2578 313 2676 guli,
335 2576 502 2668 quoniam
525 2589 626 2648 tanta
651 2590 729 2650 erat
750 2572 972 2671 multitudo,
1005 2575 1066 2651 sed
1088 2577 1263 2674 gregatim

203 2676 427 2751 circumdato
447 2676 521 2774 igni
540 2677 842 2766 amburebantur;
876 2675 1084 2772 domestici,
1104 2676 1264 2774 ¹alligatis

201 2776 249 2853 ad
272 2776 408 2851 collum
426 2777 642 2868 molaribus,
667 2776 755 2850 mari
775 2778 1037 2873 mergebantur.
1093 2775 1178 2850 Nee
1198 2774 1264 2851 mi·

115 2880 144 2899 '²
200 2894 271 2950 nus
293 2875 331 2949 in
354 2887 521 2949 caeterum
540 2876 715 2969 populum
737 2875 938 2973 persecutio
960 2877 1141 2960 violenter
1160 2877 1278 2949 ineu·-

201 2974 294 3050 buit.
351 2971 447 3046 Nam
460 2973 599 3065 iudices
620 2993 686 3067 per
706 2977 825 3051 omnia
843 2978 975 3071 templa
992 2973 1155 3068 dispersi,
1183 2975 1263 3049 uui·

201 3068 329 3147 versos
351 3070 396 3145 ad
414 3068 584 3146 sacrificia
602 3074 795 3170 cogebant.
829 3074 942 3149 *Pleni
963 3094 1126 3164 carceres
1146 3088 1262 3151 erant.

201 3169 491 3247 Tormentorunr
504 3191 637 3268 genera
648 3173 807 3248 inaudita
822 3175 1141 3272 excogitabanture
1168 3173 1266 3249 &ne

202 3270 263 3353 cui
275 3283 411 3345 temere
419 3272 477 3364 jus
495 3270 698 3367 diceretur,
717 3294 785 3347 arae
796 3274 833 3347 in
849 3270 1046 3347 secretariis
1061 3295 1103 3347 ac
1116 3294 1187 3367 pro
1201 3273 1267 3347 tri·

201 3370 325 3445 bunali
349 3368 494 3466 positae,
521 3385 563 3442 ut
583 3372 783 3469 litigatores
805 3375 902 3466 prius
920 3371 1184 3465 sacrificarent,
1210 3384 1264 3451 at·

176 3472 179 3478 ’
203 3491 274 3565 que
288 3469 339 3543 ita
352 3468 471 3542 causas
487 3464 762 3561 suas'dieerent3
788 3472 938 3570 sicergo
954 3472 1166 3566 adjudices,
1187 3484 1265 3548 tan·

203 3589 310 3661 quam
333 3569 377 3642 ad
396 3567 501 3643 Deos
521 3568 687 3646 adiretur.
733 3569 851 3646 Etiam
867 3573 997 3645 littero
1017 3575 1061 3647 ad
1074 3570 1266 3647 Maximia-

201 3687 291 3745 num
312 3682 420 3761 atque
440 3667 689 3746 Constantium
717 3686 1035 3763 commeaverant,
1071 3685 1114 3744 ut
1136 3672 1264 3747 eadem

201 3764 380 3844 facerent.
427 3765 566 3842 Eorum
579 3767 754 3844 sententia
768 3772 804 3842 in
823 3772 930 3845 tantis
952 3772 1059 3844 rebus
1075 3769 1265 3864 expectata

199 3884 281 3941 non
301 3880 390 3942 erat.
447 3862 496 3939 Et
518 3869 658 3959 quidem
680 3866 788 3943 senex
804 3870 1044 3945 Maximianus
1066 3871 1183 3945 libens
1205 3890 1265 3964 pa·

201 3965 276 4040 tuit
301 3972 366 4058 per
392 3965 553 4061 Italiam,
574 3970 698 4042 bomo
725 3988 801 4042 non
827 3969 919 4042 adeo
943 3968 1111 4048 clemens.
1163 3969 1264 4045 Nam

203 4062 457 4165 Constantius,
491 4087 538 4142 ne
555 4065 736 4152 diffentire
759 4090 779 4141 a
803 4068 979 4165 majorum
997 4073 1187 4244 praeceptis
1208 4069 1281 4155 vir

1072 4211 1075 4218 -
1133 4187 1213 4246 ere-
