2775 4792
214 422 284 496 208
309 392 531 487 [nurmali
548 424 661 487 arasa
678 396 732 483 nri
744 404 953 497 Maxumus
969 405 1177 491 masena.

212 574 406 653 sststulerat
458 570 584 663 ltaque
596 570 728 644 milites
742 570 868 665 pauci,
892 562 956 663 'qui-
964 570 1090 646 Romae
1102 574 1140 649 in
1155 573 1281 651 castris
1310 554 1311 577 ³

212 672 469 764 rettulerant,
501 666 814 775 opportunitatem
832 668 949 765 nani,
967 686 970 691 ·
985 673 1113 747 occifir
1129 678 1281 767 quibus·

213 774 296 850 dam
310 771 511 873 radicibus,
536 789 613 845 non
629 771 759 844 invito
771 773 942 871 populo,
969 773 1029 865 qui
1054 786 1129 846 erat
1151 776 1282 848 conci·

212 888 341 957 tatus,¹
357 871 582 965 Maxentium
608 880 801 965 purpuram
825 870 1025 947 induerant.
1076 876 1162 973 Quo
1185 896 1280 949 nun·

212 977 269 1049 tio
285 962 418 1063 allato,
440 962 657 1063 aliquantum
675 971 913 1044 reinovita'te
930 970 1092 1045 turbatus
1110 972 1183 1064 est,
1207 995 1292 1051 nen

212 1080 333 1149 tamen
350 1070 496 1145 nimium
510 1070 671 1144 territus.
724 1068 773 1142 Et
787 1068 916 1143 oderat
931 1070 1132 1154 hominem,
1151 1072 1279 1149 &tres
1300 1104 1305 1109 ·

213 1172 366 1248 Caesares
393 1169 514 1244 facere
539 1191 615 1244 non
637 1180 807 1265 poterat„
852 1166 941 1242 Satis
964 1168 1077 1243 visum
1094 1170 1145 1245 est
1167 1170 1278 1250 semei

211 1270 335 1351 fecilie
351 1269 455 1361 ,quod
476 1270 607 1345 noluit.
659 1269 834 1345 Severum
860 1267 1015 1365 arcent,
1049 1270 1276 1348 &hortatus
1310 1314 1311 1359 r

213 1373 257 1447 ad
273 1368 518 1463 recipiendum
536 1369 746 1465 imperium,
770 1371 882 1453 mittit
901 1390 982 1443 eum
1005 1388 1087 1445 cum
1109 1374 1276 1446 exercitu

210 1470 422 1547 Maximiani
451 1470 496 1542 ad
522 1469 796 1566 expugnandum
816 1469 1067 1571 Maxentiuma
1104 1471 1276 1549 &mittit

211 1568 368 1655 Romam
390 1570 518 1661 inqua
540 1569 669 1644 milites
695 1569 746 1642 ilii
769 1566 909 1644 summis
935 1570 1070 1642 deliciis
1098 1569 1275 1665 saepiffime

212 1668 381 1763 excepti,
413 1688 490 1743 non
513 1662 781 1743 modotarvam
812 1667 880 1743 elle
906 1668 1176 1766 iilamurbem,
1214 1670 1273 1747 sed
1309 1748 1311 1777 1

211 1772 414 1851 ibifluivere
437 1780 622 1864 optarentr
643 1766 877 1844 *Maxentius
900 1771 999 1842 tanti·
1015 1768 1188 1845 facinoris
1210 1770 1274 1847 srbi
1309 1802 1311 1893 f

212 1867 399 1960 danielus,
424 1868 512 1943 iicet
525 1869 606 1961 jure
627 1866 843 1943 hereditatis
865 1871 1037 1961 paternos
1053 1869 1188 1945 milites
1205 1886 1274 1947 tra·
1310 1910 1311 1953 3

213 1972 350 2046 ducere
366 1968 409 2044 ad
428 1966 463 2042 se
487 1965 630 2061 pollet,
656 1969 829 2065 'cogitans
846 1979 966 2043 tamen
983 1965 1061 2041 fieri
1080 1968 1207 2064 polle,
1232 1983 1274 2045 ut
1310 1962 1311 1997 ¹

212 2069 453 2147 Maximianus
475 2065 577 2141 so'cer
596 2065 745 2162 idipsum
755 2066 1116 2143 -metuensseverum
1135 2072 1174 2143 in
1192 2071 1273 2164 lily·

211 2172 291 2245 rico
309 2169 553 2257 relinqueret,
584 2180 692 2258 atque
713 2166 884 2263 ipse-tum
901 2166 969 2241 ¹suo
990 2169 1154 2243 exercitu
1175 2169 1274 2245 adse

213 2262 492 2363 oppugnandum
511 2266 677 2357 veniret,
706 2269 886 2360 quaerebat
904 2282 1078 2360 quatenus
1094 2266 1130 2342 se
1145 2291 1168 2342 a
1182 2272 1274 2364 peri·

213 2370 300 2442 culo
316 2364 546 2459 impendente
564 2366 731 2441 muniret
781 2366 878 2439 Patri
895 2367 958 2441 suo
976 2365 1058 2463 post
1072 2368 1274 2462 depositum

212 2469 399 2562 imperium
422 2468 459 2539 in
478 2464 670 2558 Campania
690 2467 847 2541 moranti
868 2470 1212 2564 purpuram-mittit,
1241 2471 1275 2544 dt

212 2570 268 2643 bis
282 2564 479 2662 Augustum
496 2566 671 2639 nominat.
709 2563 786 2641 -llle
801 2586 895 2640 vero
913 2566 1078 2641 &rerum
1093 2589 1276 2646 novarum

213 2668 387 2762 cupidus,
412 2666 521 2757 &qui
535 2662 749 2759 deposuerat
763 2666 923 2760 invitus,
943 2667 1275 2765 libenterarripuit.

212 2769 370 2843 Severus
392 2766 533 2840 interim
555 2766 679 2859 vadit,
713 2766 747 2840 dr
771 2766 815 2841 ad
834 2786 957 2841 muros
981 2766 1092 2841 Urbis
1120 2785 1275 2845 armatus

212 2868 371 2941 accedit.¹
415 2864 541 2940 Statim
563 2863 885 2957 militesfsublatis
904 2867 1029 2962 signis,
1054 2867 1214 2963 abeunt,
1240 2869 1276 2942 dr

210 2964 249 3041 se
273 2979 402 3037 contra
421 2984 527 3055 quem
550 2976 762 3057 venerant,·
782 2967 941 3041 tradunt.
996 2966 1093 3066 Quid
1117 2967 1276 3043 restabat

211 3063 377 3156 deserto,
399 3061 461 3137 nili
475 3061 585 3161 fugai
611 3063 681 3136 Sed
699 3068 915 3140 occurrebat
927 3066 998 3156 jam
1013 3065 1197 3161 resumpto
1212 3069 1277 3143 im·

209 3165 316 3262 perio
329 3161 593 3255 Maximianus,
621 3162 722 3256 cujus
740 3164 900 3238 adventu
913 3166 1125 3241 Ravennam
1144 3168 1275 3241 confu-

88 3314 98 3325 =
209 3266 290 3365 git,
311 3263 445 3354 ⁴ibique
470 3262 505 3337 se
530 3283 612 3337 curn
636 3265 760 3358 paucis
786 3265 956 3339 militibus
979 3264 1130 3342 inclusrt.
1197 3268 1276 3368 Qui

208 3384 293 3444 eum
314 3363 456 3437 videret
471 3362 654 3456 futurum,
678 3377 721 3436 ut
734 3362 957 3439 Maximiano
973 3367 1197 3460 traderetur,
1215 3367 1276 3441 de-

210 3466 266 3540 dit
288 3460 358 3541 sesa
381 3460 477 3559 ipse,
509 3462 717 3556 vestemque
740 3483 953 3556 purpuream
975 3466 1116 3557 eidem,
1150 3487 1172 3538 a
1198 3488 1273 3559 quo

211 3575 428 3657 acceperat,
453 3561 618 3638 reddidit.
678 3564 767 3662 Quo
787 3562 907 3646 facio,
940 3563 1026 3637 nihil
1051 3565 1145 3639 aliud
1163 3568 1274 3660 impe·

210 3665 349 3758 travit,
387 3663 450 3738 nist
481 3665 612 3739 bonam
637 3674 804 3738 mortem.
864 3662 961 3738 Nam
986 3664 1088 3738 venis
1114 3667 1194 3758 ejus
1219 3670 1271 3739 in·

210 3764 477 3955 eifisse’qdrmer
499 3763 594 3842 mori
611 3758 837 3840 cordiusest.
892 3760 953 3837 Ab
972 3763 1046 3838 hoc
1065 3766 1177 3861 coepit
1190 3764 1272 3841 suos

209 3882 277 3962 per
375 3917 386 3941 .

1001 4126 1224 4293 xxxvii.
1272 4130 1279 4149 “
