2775 4792
280 423 329 499 30
353 356 628 491 Lacraurn
654 394 874 477 Err'ronu
899 420 1047 479 urvru.
1072 400 1310 515 Insrrrur.

282 561 448 655 nonest,
475 563 648 655 quianon
666 574 819 655 propter
833 559 868 636 se
884 565 1065 658 expetitur
1084 562 1252 659 scientia,
1277 568 1310 641 se

281 676 434 761 propter
443 658 554 736 aliud.
604 660 700 735 Nam
718 660 855 735 idcirco
875 679 968 737 artes
984 662 1185 759 discuntur,
1209 680 1251 740 ut
1269 667 1311 741 fir

282 763 389 840 nobis
412 778 473 835 aut
499 760 629 853 victui,
664 774 726 834 aut
746 761 889 857 gloria,
916 766 1106 859 autetiam
1131 768 1311 859 voluptati

282 883 361 956 quae
376 864 499 953 utique
514 858 644 935 summa
656 860 755 932 bona
769 856 838 934 effe
853 880 930 935 non
949 860 1104 955 poss'unt.
1163 862 1263 961 Ergo
1288 888 1311 941 n

281 966 320 1037 in
340 958 468 1035 Ethica
487 960 629 1053 quidem
645 957 855 1053 philosophi.
872 962 1029 1057 regulam
1047 976 1197 1056 tenent,
1230 987 1311 1055 quar

283 1060 476 1152 doquidem
492 1061 529 1133 in
544 1056 620 1154 ipso
636 1058 801 1151 cardine,
825 1059 862 1132 id
877 1060 949 1153 est,
974 1058 1013 1137 in
1027 1083 1068 1134 ea
1083 1061 1311 1157 disputationr

284 1182 353 1253 qua
369 1160 443 1232 vita
459 1159 655 1251 formatur,
679 1159 773 1231 inter
788 1156 822 1231 se
836 1176 1007 1259 pugnant.
1050 1158 1241 1253 Necpniru
1255 1184 1311 1258 po:

203 1312 209 1329 .
281 1260 364 1335 sunt
375 1261 473 1354 paria
489 1257 558 1334 effe
573 1271 634 1331 aut
647 1257 767 1332 fimilia
778 1274 977 1355 pracepta,
1005 1266 1091 1337 cuna
1105 1262 1162 1337 alii
1176 1260 1311 1339 former

283 1361 327 1433 ad
345 1361 590 1452 voluptatem,
617 1358 674 1430 alii
697 1358 741 1430 ad
756 1357 1000 1454 honestatem,
1026 1362 1083 1434 alii
1102 1383 1194 1435 vero
1213 1364 1257 1437 ad
1274 1386 1311 1437 na

282 1474 419 1547 turam,
443 1460 500 1533 alii
521 1459 566 1532 ad
585 1455 790 1551 seientiam,
826 1459 883 1531 alii
903 1454 950 1533 ad'
965 1462 1190 1553 quaerendas,
1218 1464 1311 1557 aliia

281 1557 594 1655 fugiendaropes,
612 1557 669 1630 alii
682 1556 726 1630 ad
736 1557 824 1631 nihil
838 1558 1052 1654 dolendum,
1070 1562 1126 1633 alii
1143 1563 1185 1634 ad
1200 1566 1311 1657 patier

281 1660 368 1733 tiam
395 1660 594 1746 malorum
631 1657 817 1746 inquibus
843 1660 1034 1752 omnibus,
1071 1662 1158 1734 ficut
1176 1659 1311 1755 superju

152 1760 154 1765 '
281 1758 446 1853 ostendi,
472 1760 648 1831 aratione
663 1755 866 1841 declinant,
892 1759 972 1850 quia
990 1758 1111 1835 Deum
1125 1759 1300 1839 nesciunt.

424 2102 427 2113 ·
550 2059 819 2137 CAPUT
866 2061 1062 2140 XXXIV.
1115 2172 1119 2179 Ι

455 2203 550 2298 Quod
574 2203 615 2275 ad
633 2202 795 2301 justitiam
818 2209 901 2285 nati,
913 2202 980 2301 fint
1004 2204 1155 2281 homines.

280 2352 513 2533 Videamus
541 2371 661 2444 nunc,
688 2351 771 2464 quid
793 2349 835 2464 srt
854 2347 1022 2427 sunnnunr
1044 2356 1207 2452 bonum,
1234 2378 1308 2474 quu

380 2455 423 2528 srt
435 2451 657 2546 propofitunr
674 2449 821 2544 saprentr
835 2448 1003 2528 summum
1016 2455 1165 2532 bonum.
1189 2452 1268 2531 .Ad
1280 2478 1311 2553 Jt

105 2554 107 2561 '
160 2564 163 2573 '
280 2555 408 2631 stiriam
429 2548 523 2624 nasci
546 2550 733 2644 honines,
759 2570 835 2623 non
858 2554 969 2626 modo
991 2555 1118 2628 litterae
1143 2554 1311 2631 sacrae'dr

275 2670 385 2747 cent,
412 2671 539 2727 verum
556 2652 660 2725 etiarn
677 2650 770 2724 idern
784 2650 846 2744 ipsr
859 2650 1061 2745 philosophi
1077 2676 1311 2755 nonnunquar

279 2754 453 2830 fatentur.
511 2748 641 2823 Cicero
665 2750 712 2825 src
736 2751 810 2823 ait:
846 2750 955 2843 „Sed
980 2756 1167 2843 omnium,
1199 2777 1275 2849 quae
1297 2755 1309 2828 i

281 2854 510 2950 „donorum
529 2850 715 2925 hominum
739 2849 977 2945 disputatione
1002 2852 1212 2945 versantur,
1245 2855 1311 2929 nihi

280 2954 373 3051 „est
390 2948 557 3046 proferro
572 2948 820 3041 praestabilius,
848 2971 951 3042 quam
972 2952 1077 3043 plane
1098 2954 1249 3049 intelligi
1261 2975 1311 3043 ¹nu

281 3052 380 3144 „ad'
396 3046 564 3143 justitian
596 3045 665 3121 effe
697 3048 856 3121 natos.“
914 3046 975 3121 Est
1007 3051 1079 3124 hoc
1110 3052 1311 3127 veriffirnun

279 3151 364 3239 Nec,
382 3150 477 3223 enirn
498 3147 541 3220 ad
559 3143 668 3220 scarus
688 3145 881 3241 nascimur,
907 3169 988 3222 cunr
1011 3150 1113 3225 sunus
1136 3148 1262 3227 animal
1277 3152 1311 3227 su

280 3253 370 3325 ciale
387 3264 493 3340 atque
515 3266 717 3320 commune.
767 3244 796 3319 F
799 3269 865 3323 erae
881 3249 923 3320 ud
939 3247 1106 3324 saeuitiarn
1126 3252 1311 3347 gignuntur

279 3351 399 3425 Aliter
419 3346 513 3422 enirn
532 3360 717 3437 nequeunt
739 3366 841 3439 quam
864 3349 979 3440 praeda
998 3348 1031 3421 &
1049 3347 1215 3445 sanguina
1232 3351 1311 3427 viai

279 3464 367 3525 tare.
418 3445 569 3519 Easdem
591 3459 711 3520 tamen
734 3446 796 3519 etsr
813 3448 936 3521 ultima
949 3447 1059 3521 fames
1074 3465 1217 3546 urgeat,
1244 3452 1311 3525 nih}

89 3562 91 3571 '
164 3578 183 3599 κ’
279 3551 436 3627 lominus
460 3548 599 3643 generis
631 3544 680 3618 sui
707 3547 912 3621 animalibus
938 3563 1102 3641 parcunt.
1161 3550 1311 3625 ldenrfa

281 3646 432 3722 ciunt&
453 3668 561 3735 aves,
588 3667 672 3737 quas
695 3647 844 3719 aliorum
866 3646 1059 3721 visceribus
1078 3647 1171 3740 pasci
1192 3648 1311 3725 necess

279 3747 340 3821 est.
392 3750 552 3845 Quanto·
562 3746 669 3843 magis
690 3746 896 3837 hominem,
922 3746 982 3837 qui
1007 3766 1086 3819 curn
1106 3745 1271 3843 homine,
1298 3748 1311 3823 ἔ

86 3852 89 3879 ·
210 3860 227 3891 ‘¹
279 3847 499 3921 commercio
514 3848 661 3942 linguar,
687 3844 993 3919 &communione
1010 3844 1125 3918 sensus
1142 3852 1311 3943 copulatu

279 3943 351 4038 est,
377 3965 523 4037 parcere
538 3946 675 4021 homini
691 3959 861 4042 oportet,
889 3966 1039 4038 eumque
1055 3947 1215 4046 diligere!
1242 3949 1311 4023 Hae

278 4042 329 4121 ast
344 4044 436 4121 enirn
451 4045 593 4139 justitia.
1209 4144 1290 4225 sed·

1299 4346 1311 4381 N
