2775 4792
198 381 722 514 Iascpsutlr'fiirtrour
746 402 896 461 orvru.
917 382 1159 467 lusu-trus.
1192 391 1243 487 69

171 549 222 643 ab
239 568 317 622 uno
334 548 442 641 Deo,
468 545 504 620 tc
527 548 600 622 otti
622 549 767 641 abuno
783 548 964 640 homine,
992 544 1240 648 consanguini-

170 648 256 721 tatis
271 649 352 749 jure
367 645 566 743 sociamur,
594 668 743 723 omnem
757 647 867 744 igitur
888 647 1070 735 hominem
1087 650 1239 747 diligere

171 747 352 829 debemus.
405 747 631 840 Itaque'non
652 754 793 823 tantum
815 747 950 821 inferre
973 748 1134 841 injuriam
1158 771 1238 825 non
1264 828 1268 834 ,

170 861 347 941 oportet,
373 844 444 925 sed·
458 870 518 939 uer
527 848 661 923 illatam
681 848 826 940 quidem
846 847 1064 943 vindicare,
1079 863 1122 935 ut
1139 849 1182 924 fit
1198 853 1238 924 in

168 948 276 1021 nobis
297 945 457 1041 porsessa
477 930 700 1025 innocensia.
749 944 799 1021 Et
815 946 900 1022 ideo
917 949 1024 1041 jubet
1046 969 1116 1022 nos
1133 946 1236 1027 Deus
1282 956 1287 973 '

167 1047 279 1121 ctiim
294 1049 534 1143 pro'inimicis
549 1060 694 1141 precem
709 1046 832 1122 facere
843 1045 993 1142 semper.
1044 1042 1145 1145 Ergo
1164 1050 1239 1141 ani·

165 1149 240 1221 mal
266 1162 587 1241 communemque
607 1146 756 1222 consors
780 1145 851 1221 eise
875 1148 1076 1242 debemus,
1102 1160 1145 1219 ut
1165 1168 1237 1221 nos
1284 1172 1286 1177 ·

163 1244 553 1340 invicem'praestandis
577 1247 611 1322 bt
634 1247 849 1342 accipiendis
866 1248 1004 1321 auxiliis
1021 1249 1233 1323 muniamus.

166 1343 302 1438 Multis
322 1350 415 1445 enim
431 1346 573 1423 casibus
596 1348 630 1421 ts
653 1348 895 1444 incommodis
919 1347 1090 1443 fragilitas
1111 1346 1236 1422 nostra

151 1441 324 1541 :subjesra
342 1445 403 1522 eit
428 1516 430 1521 ,
454 1447 566 1543 Spera
588 1448 623 1521 bt
643 1449 711 1525 tibi
732 1448 897 1523 accidere
916 1445 1039 1543 polle,
1065 1447 1170 1540 quoii
1184 1447 1236 1525 al·

168 1548 240 1619 teri
259 1546 382 1622 uideas
404 1547 580 1623 accidisse.
1154 1638 1156 1645 ¹

244 1644 299 1719 lta
330 1646 472 1723 demum
499 1647 715 1722 excitaberis
747 1647 793 1723 ad
825 1667 934 1741 opem
964 1645 1177 1741 ferendam,
1208 1645 1235 1723 st

162 1743 352 1839 sumpseris
366 1747 447 1839 ejus
459 1749 636 1841 animum,
660 1748 721 1839 qui
739 1768 848 1840 opem
863 1760 960 1821 tuam
974 1747 1013 1820 in
1027 1748 1128 1822 malis
1146 1768 1234 1822 con·
1290 1784 1299 1803 κ

124 1930 126 1936 ,
162 1845 310 1922 stitutus
335 1848 516 1940 implorat.
576 1845 613 1919 Si
640 1848 720 1939 quis
744 1845 844 1921 vitiu
868 1847 1029 1942 indiget,
1054 1847 1235 1941 impertia-

164 1965 268 2034 mur3
296 1947 469 2037 &siquis
488 1947 603 2020 nudus
622 1946 848 2039 occurrerit,
874 1944 1086 2034 vestiamusr
1113 1946 1233 2037 siquis

161 2066 189 2131 ,ι
205 2045 419 2140 potentiore
432 2045 597 2137 injuriam
612 2038 777 2137 sustinet,
798 2065 975 2120 eruamus.
1026 2043 1153 2119 Pateat
1168 2046 1236 2118 do·

160 2144 337 2221 ¹micilium
361 2142 522 2241 nostrum
548 2147 745 2242 peregrinis
768 2145 1093 2242 velindigentibus
1120 2143 1231 2221 teilo.

161 2242 313 2337 ·Pupillis
329 2243 512 2338 defenito,
526 2245 650 2337 'uiduis
668 2246 781 2320 tutela
797 2244 920 2319 nostra
933 2264 1010 2319 non
1026 2244 1124 2322 defit.
1160 2244 1234 2318 Re.

165 2344 301 2418 dimere
318 2347 361 2431 ab
379 2344 483 2420 hoste
499 2346 667 2438 captivos
685 2366 853 2442 ¹magnum
873 2343 1123 2419 misericordiae
1137 2365 1231 2437 opus

165 2443 239 2536 est,
261 2465 375 2540 agros
395 2448 571 2541 pauperes
587 2443 705 2518 visere
724 2459 832 2535 atque
851 2443 1035 2518 refovere.
1095 2443 1231 2536 Inopes

155 2557 229 2619 :aut
254 2546 433 2636 advenas,
467 2545 492 2618 fi
519 2545 702 2636 obierint,
728 2565 805 2617 non
830 2544 1006 2639 patiamur
1031 2539 1230 2637 insepultos

157 2644 295 2736 jacere.
345 2643 435 2716 Haec
460 2642 541 2717 sunt
567 2664 699 2738 opera,
725 2644 801 2716 haec
827 2641 945 2715 officia
965 2641 1230 2736 misericordia,

152 2762 246 2834 .quae
272 2741 398 2833 siquis
420 2743 572 2831 obierit,
606 2749 734 2813 vetum
758 2741 792 2811 bt
816 2738 1231 2832 acceptumsacrificium

152 2839 252 2915 ¹-Deo
284 2840 496 2916 immolabit
557 2840 645 2915 Haec
679 2839 850 2912 litabilior
880 2842 1024 2913 vitiima
1055 2839 1106 2914 est
1137 2841 1232 2934 apud

155 2938 311 3033 Deum,
339 2942 494 3032 quinon
516 2940 663 3033 pecudis
684 2936 874 3036 sanguine,
909 2939 967 3017 sed
985 2939 1141 3016 hominis
1157 2941 1233 3035 pie·

154 3051 241 3115 tate
262 3042 448 3133 placatur:
483 3060 588 3133 quem
612 3038 738 3134 Deus,
763 3040 847 3129 ‘quia
870 3038 983 3132 justus
1010 3040 1086 3132 est,
1113 3039 1171 3113 sua
1195 3039 1231 3112 bc

150 3139 276 3234 ipsum
293 3136 402 3235 lege,
429 3140 489 3212 sua
510 3140 544 3212 u
568 3139 782 3213 conditione
805 3138 1055 3232 prosequitur3
1089 3138 1230 3214 misere-

152 3254 223 3314 ·tur
246 3241 321 3333 ejus
337 3235 360 3334 ,'
384 3261 489 3332 quem
511 3238 646 3311 viderit
673 3238 962 3331 misericordem,
995 3238 1229 3313 inexorabilis
1280 3296 1282 3300 ,

153 3340 213 3417 -est
228 3342 282 3425 ei,
309 3361 416 3432 quem
429 3326 659 3435 precantibus
675 3338 792 3412 cernit
804 3340 987 3413 immitem.
1038 3337 1160 3434 Erg0,
1186 3350 1230 3410 ut

160 3442 239 3517 haec
272 3441 422 3533 omnia,
458 3460 535 3531 quae
567 3437 653 3511 Deo
684 3439 856 3530 placent,
891 3436 1012 3512 facete
1044 3436 1227 3532 poffimus,

150 3539 431 3618 :contemnenda
445 3537 496 3611 est
508 3539 681 3630 pecunia,
699 3535 733 3610 δι
748 3537 790 3611 ad
805 3537 964 3612 coelestes
981 3536 1229 3611 transferenda

164 3641 372 3734 thesauros,
400 3641 462 3714 ubi
484 3658 553 3711 nec
573 3636 632 3711 sur
654 3634 842 3728 effodiat,
859 3658 929 3710 nec
947 3639 1078 3735 rubigo
1103 3633 1229 3710 consu·

162 3752 263 3830 mat,
295 3762 364 3814 nec
387 3753 561 3833 tyrannus
585 3739 735 3832 eripiat;
770 3735 829 3811 sed
854 3737 962 3812 nobis
990 3736 1034 3815 ad
1058 3748 1228 3813 aternam

163 3839 409 3938 opulentiam,
433 3839 519 3914 Deo
537 3837 710 3932 custode,
734 3834 910 3914 servetur.
1011 3909 1014 3919 ,

471 4218 535 4249 Ι,
647 4133 731 4236 ug
894 4109 915 4231 ,“
1019 4078 1298 4211 emus*
