2775 4792
197 431 267 489 120
297 391 563 506 Lacunam
587 422 723 526 ”m
745 425 804 520 οξ
829 381 1192 508 olorensem:-

197 568 464 664 comprehendi.
514 533 582 645 Sed
599 533 669 656 erit
681 567 787 642 nobis
805 565 933 668 sonna
944 571 1181 666 philosophos
1191 556 1265 646 'in--¹

196 663 297 765 tegra
317 668 520 763 disputatio.
543 763 545 768 Ι
573 659 812 754 conficiamus
830 671 937 768 igiuu
952 665 1119 766 spatium,
1147 669 1249 765 quod
1267 763 1273 770 .

194 790 294 846 nunc
309 769 539 872 decurrimus,
612 771 619 786 '
902 786 907 791 ’

200 927 1247 984 mm

361 1083 372 1194 s
504 1013 940 1154 cn'auasxurss

398 1255 420 1280 .,
470 1219 684 1318 Dentato,
723 1214 765 1294 &a
797 1211 974 1316 tiliis&
1033 1206 1048 1220 ι

196 1376 381 1553 Mentis
403 1395 549 1467 quoque
564 1369 743 1452 rationem
757 1376 1148 1470 incomprebenfibilam
1165 1372 1252 1466 erre,

315 1477 391 1565 quis
406 1473 563 1568 nesciat,
589 1475 652 1551 nisa
668 1475 727 1569 qui
747 1476 902 1558 omnino.
913 1475 1009 1550 illam
1027 1498 1103 1549 non
1120 1476 1250 1562 habet;

168 1606 170 1612 ·
198 1595 281 1650 cum
298 1573 369 1667 ipsa
387 1597 488 1649 mens
509 1597 581 1666 quo
601 1576 688 1647 loco
700 1575 766 1668 lit,
792 1589 852 1648 aut
871 1575 1092 1667 cujusmodi,
1120 1572 1251 1646 neseio

197 1673 290 1747 tur?
311 1675 421 1747 Varia
439 1695 526 1771 ergo
540 1696 560 1747 a
575 1670 797 1768 philosophis
809 1674 854 1747 de
866 1689 990 1747 natura
1001 1675 1090 1766 ejus,
1109 1695 1150 1744 ac
1163 1677 1252 1744 loco

196 1771 374 1865 disputata
393 1772 484 1848 sunt
542 1771 597 1847 At
615 1785 683 1869 ego
703 1793 788 1846 non.
802 1771 1043 1866 diffimulabo,
1074 1773 1159 1865 quid
1178 1765 1251 1863 ipse

196 1870 369 1957 sentiam3
401 1893 477 1946 non
504 1875 585 1965 quia
608 1869 749 1968 licelie
772 1869 962 1965 affirmem,
988 1872 1085 1965 quod
1102 1872 1152 1945 est
1174 1870 1251 1945 inli-

198 1973 334 2066 pientis
346 1972 383 2044 in
400 1992 439 2045 re
454 1972 558 2046 dubia
575 1971 714 2064 facere,
735 1969 796 2048 sed
812 1985 853 2045 ut
866 1969 1025 2066 expofita
1041 1973 1093 2044 rei
1107 1968 1252 2044 difficul-

199 2084 299 2163 tate,
322 2072 517 2164 intelligas,
537 2086 667 2162 quanta
680 2069 723 2147 srt
738 2070 942 2145 divinorum
956 2090 1106 2166 operum
1119 2069 1251 2165 magni·

198 2169 304 2250 tudo.
334 2177 336 2182 '
358 2167 510 2266 Quidam
528 2167 643 2243 sedem
662 2171 791 2246 mentis
812 2172 849 2245 in
867 2170 1013 2269 pedore
1036 2169 1106 2243 elie
1121 2172 1251 2256 'volue-
1270 2241 1273 2246 .

198 2278 297 2341 runt.
347 2266 559 2363 Quodslita
574 2266 644 2358 est,
670 2281 806 2358 quanto
827 2268 969 2344 tandem
987 2269 1160 2344 miraculo
1180 2269 1253 2363 dig·

198 2385 287 2450 num
310 2364 384 2455 est,
418 2386 494 2440 rem
517 2366 554 2456 in
579 2361 734 2440 obscuro
760 2387 802 2440 ac
826 2366 1020 2441 tenebroso
1043 2368 1250 2440 habitaculo

156 2477 161 2495 ·
198 2462 319 2555 fitam,
346 2465 382 2537 in
405 2477 505 2540 tanta
521 2465 669 2539 rationis
687 2477 795 2557 atque
813 2464 1055 2562 intelligentia
1072 2467 1154 2544 luce
1174 2487 1272 2540 ver··

199 2560 295 2646 sari?
317 2576 393 2642 tum
410 2565 509 2654 quod
523 2564 565 2639 ad
581 2586 657 2640 eam
670 2561 784 2639 sensus
798 2588 844 2640 ex
860 2568 956 2639 omni
972 2567 1135 2659 corporis
1152 2579 1255 2669 parte¹

203 2665 451 2756 conveniunt,
468 2678 510 2738 ut
526 2664 563 2738 in
577 2664 734 2758 qualibet
748 2667 897 2763 regione
910 2666 1151 2742 membrorum
1168 2684 1254 2758 prae·

201 2760 282 2838 sens
308 2760 377 2838 effe
401 2764 577 2840 videatur.
633 2763 708 2840 Alii
731 2763 845 2841 sedem
863 2766 937 2859 ejus
955 2767 992 2838 in
1014 2767 1164 2838 cerebro
1184 2761 1275 2860 elie.

136 2909 140 2922 «
203 2862 381 2934 dixerunt.
431 2861 481 2936 Et
496 2864 575 2937 sane
596 2866 812 2960 argumentis
830 2864 1073 2958 probabilibus
1089 2862 1139 2937 uli
1157 2863 1253 2936 sunt:

203 2959 403 3048 oportqilie
418 2959 570 3052 scilicet,
597 2964 695 3052 quod
713 2964 826 3036 totius
843 2964 1006 3068 eorporis
1023 2968 1179 3058 regimen
1196 2963 1256 3035 ha·

203 3057 327 3145 beret,
355 3058 476 3150 potius
495 3061 531 3131 in
548 3060 709 3153 summo,
735 3074 901 3152 tanquam
918 3063 954 3134 in
971 3081 1053 3136 arce
1071 3063 1267 3152 habitare3·

203 3175 274 3229 nec
292 3156 481 3245 quidquam
494 3156 562 3230 elle
582 3155 794 3253 sublimius,
808 3179 911 3251 quam
923 3160 980 3254 id,
999 3163 1097 3252 quod
1111 3161 1257 3234 uniuer-

205 3254 280 3327 sum
296 3254 437 3328 ratione
449 3256 677 3347 moderetur,
704 3256 792 3332 ficut
804 3258 877 3354 ipse
890 3260 1012 3334 mundi
1028 3259 1204 3354 Dominus
1222 3260 1257 3334 dt

204 3351 326 3428 rebor
342 3354 378 3427 in
392 3352 526 3442 summo
544 3355 603 3430 est.
655 3357 798 3437 Deinde
815 3358 913 3450 quod
931 3356 1044 3436 sensus
1063 3360 1200 3449 omnis,
1220 3357 1257 3434 id

173 3535 176 3541 .
205 3452 259 3526 est
275 3448 460 3550 audiendi,
486 3451 703 3552 dividendi,
728 3446 763 3532 d't
781 3457 959 3531 odorandi
975 3457 1130 3538 ministra
1146 3479 1256 3534 mem·

204 3552 271 3623 bra
289 3553 326 3625 in
345 3554 461 3646 capite
482 3553 550 3629 lint
565 3556 707 3649 locata,
746 3577 898 3648 quorum
917 3557 1074 3629 omniurn
1096 3558 1164 3630 viae
1179 3579 1257 3633 non

207 3649 252 3722 ad
274 3650 419 3747 petius,
444 3651 503 3725 sed
525 3654 569 3727 ad
591 3656 779 3730 cerebrum
802 3655 938 3730 ferant:
964 3656 1094 3746 alioqui
1116 3657 1257 3731 necellb

205 3767 276 3823 nos
303 3750 390 3825 effer
413 3752 546 3828 tardius
571 3749 728 3848 sentire,
766 3753 886 3828 donec
910 3754 1079 3828 sentiendi
1106 3755 1257 3829 facultas

144 3891 149 3898 -
206 3846 320 3940 longo
340 3851 468 3924 itinere
492 3870 556 3947 per
578 3851 711 3946 collum
735 3852 779 3925 ad
800 3854 921 3947 peetus
939 3872 1051 3944 usque
1071 3854 1258 3929 descende-

170 4035 177 4044 ,
207 3956 276 4021 teu
327 3942 467 4026 livero
489 3963 644 4029 autnon
665 3952 837 4048 muitum,
862 3964 926 4028 aut
945 3950 1090 4029 fortaffe
1107 3976 1183 4029 non
1205 3975 1259 4029 er·

125 4074 153 4135 χ
208 4058 300 4124 rant.
389 4145 391 4149 Ι
1102 4117 1149 4150 „

128 4171 130 4180 ·
887 4159 889 4163 “
989 4233 992 4238 ,
1098 4149 1208 4228 Vide-
