2775 4792
218 308 224 357 t'

160 394 231 492 150
300 354 742 493 Laterensis-tran
771 395 831 453 os
858 374 942 455 Ins
963 356 1066 473 Dru

161 545 253 640 Quis
269 542 366 633 hunc
381 554 487 636 putet
507 537 665 638 babuisse
680 539 893 631 terebrum,
920 558 1001 613 cum
1021 539 1099 613 lraec
1111 534 1221 611 dice?

159 657 239 736 ret,
264 663 333 715 nec
345 640 491 715 uideret
506 639 568 713 fibi
587 635 655 735 elle
674 635 889 721 contrarias.
914 636 1016 712 Nihil
1032 639 1214 733 enimper

160 757 303 816 atomos
324 738 403 813 fieri
425 737 553 813 exinde
577 752 744 832 apparet,
775 738 875 831 quod
898 737 1014 813 semen
1038 737 1216 829 cujusque

160 842 215 916 rei
235 837 467 928 certumest3
491 838 554 913 nist
575 836 671 911 forte
693 838 727 911 dt
749 837 857 933 ignis,
881 834 918 931 j&
934 856 1031 929 aquo
1050 849 1217 909 naturam

161 962 211 1014 ex
228 940 355 1013 atomis
378 937 447 1011 esse
466 936 663 1013 credemus.
715 937 837 1031 Quid,
864 934 961 1028 quod
982 934 1145 1010 duriffimi
1167 936 1215 1005 ri·

161 1041 260 1141 gotis
273 1039 448 1127 materia,
464 1036 493 1109 fi
505 1034 575 1109 istu
589 1035 864 1111 vehementiore
877 1034 1107 1121 collidantur,
1123 1033 1216 1128 ignis

161 1135 373 1211 excutitur?
407 1134 505 1208 Num
537 1136 574 1208 in
607 1134 706 1207 ferr'o
732 1149 799 1227 aut
819 1134 913 1225 silice
939 1133 1049 1207 atomi
1074 1130 1216 1213 latent?

164 1239 257 1332 Quis
278 1232 442 1308 inclusit?
477 1247 543 1329 aut·
555 1254 617 1306 cur
635 1231 694 1308 sua
712 1233 846 1328 sponte⁴
858 1254 933 1311 non
951 1234 1125 1322 emicant3
1152 1242 1217 1305 aut

164 1333 352 1428 quomodo
371 1331 500 1431 semina
515 1335 605 1428 ignis
621 1335 658 1409 in
680 1336 829 1409 matetia·
849 1331 1059 1436 frigidissima
1078 1350 1218 1426 perma-

162 1456 251 1509 nere
270 1431 494 1526 potuerunt?
618 1488 620 1493 .
772 1446 775 1451 '
982 1472 986 1481 ·
1206 1516 1236 1524 Η

241 1532 384 1607 Omitto‘
404 1532 534 1606 silicem
556 1548 597 1604 ac
617 1529 761 1607 sermm.
811 1529 948 1607 Orbem
965 1531 1119 1603 vitreum
1142 1530 1219 1622 ple·

163 1653 250 1707 num
275 1640 372 1722 aquae
391 1632 417 1703 st
439 1632 595 1704 tenueris
616 1633 652 1703 in
675 1628 792 1723 sole,
808 1630 853 1704 de
871 1631 1028 1733 lumine,
1054 1628 1152 1720 quod
1171 1630 1216 1704 ab

96 1778 100 1797 .
144 1782 146 1786 -
164 1752 255 1823 aqua
267 1728 441 1824 refulget,
465 1731 553 1826 ignis
568 1730 775 1803 accenditur
791 1732 895 1803 etiam
906 1730 949 1803 in
965 1727 1142 1803 durisimo
1155 1727 1218 1801 fri·

165 1844 267 1927 gore.
333 1828 431 1903 Num
457 1831 562 1902 etiam
587 1830 625 1901 in
650 1850 740 1921 aqua
759 1824 880 1926 'ignem
906 1828 983 1903 else,
1000 1827 1217 1902 credendum

166 1928 249 2019 est?
291 1928 388 2020 atqui
414 1927 457 2001 de
482 1928 556 2000 sole
579 1929 672 2026 ignis
692 1950 739 2003 ne
762 1927 880 2008 aeslate
904 1929 1053 2022 quidem
1069 1927 1219 2001 accendi

127 2022 143 2119 j
165 2027 298 2123 potest.
346 2027 384 2099 Si
409 2047 498 2103 cerae
522 2028 758 2122 inhalaveris,
784 2014 891 2103 vel-st
912 2048 1028 2125 vapor
1045 2028 1146 2103 levis.
1158 2027 1221 2100 ali·

167 2128 254 2220 quid
275 2127 458 2222 attigerit,
484 2141 546 2200 aut
563 2126 712 2203 crustant
726 2128 937 2221 marmoris,
963 2139 1024 2202 aut
1041 2127 1221 2222 laminam,

87 2280 94 2303 .
167 2226 339 2321 paulatim
373 2244 437 2317 per
471 2226 714 2301 minutiffimos
746 2247 849 2299 rores
883 2242 975 2318 aqua
1007 2227 1245 2325 concrescit.-

167 2325 259 2400 ltem
280 2323 324 2411 de
347 2323 459 2396 halitu
479 2336 583 2397 terrae
607 2338 668 2396 aut
688 2324 792 2398 maris
812 2325 951 2413 nebula,
963 2323 1102 2399 existit:
1139 2329 1219 2419 que

170 2439 232 2496 attt
246 2418 603 2517 dispersa'humesacit
617 2424 785 2515 quidquid
799 2427 952 2512 texerit3
979 2439 1040 2497 aut
1056 2424 1219 2519 colledla,

169 2525 207 2597 in
227 2522 357 2594 arduos
370 2534 511 2596 montes
527 2523 564 2594 in
583 2520 729 2595 sublime
746 2537 860 2597 vento
875 2537 996 2618 rapta,
1021 2516 1169 2619 'stipatur
1180 2524 1219 2598 in

170 2624 330 2713 nubem,¹
362 2634 467 2712 atque
491 2623 620 2695 imbres
642 2624 814 2697 maximos
839 2621 969 2716 dejicit
1029 2623 1103 2696 Ubi
1130 2644 1221 2720 ergo

173 2723 320 2795 dicimus
334 2720 489 2812 liquores
507 2719 724 2799 natos-esset
748 2742 831 2795 num
847 2719 1062 2815 invapore‘l
1086 2722 1241 2797 numin‘

171 2819 311 2913 halitu?
336 2839 420 2893 num
439 2820 475 2893 in
496 2818 634 2893 vento?
665 2821 778 2914 Atqui
794 2819 882 2893 nihil
899 2819 1018 2916 potest
1032 2822 1222 2897 consistere

170 2920 211 2991 in
232 2939 298 3010 e0,
325 2918 424 3007 quod
443 2938 512 2990 nec
530 2919 711 3013 tangitur,
736 2938 804 2992 nec
821 2919 976 2995 videtur.
1037 2920 1136 3018 Quid
1151 2942 1222 3018 ego

175 3017 221 3089 de
244 3017 447 3089 animalibus
472 3017 621 3107 loquar,
653 3018 689 3089 in
717 3036 868 3107 quorum
893 3019 1107 3113 corporibus
1131 3022 1230 3095 nihil·

173 3117 247 3191 fine
268 3115 430 3206 ratione,
455 3113 526 3187 srne
549 3115 692 3204 ordine,
708 3114 789 3209 ‘stne
813 3119 989 3211 utilitate,
1015 3118 1087 3192 sine
1105 3118 1223 3213 specie

174 3212 362 3309 figuratum
375 3212 556 3301 videmus3
577 3215 721 3287 adeunt
736 3212 967 3309 solertissima,
986 3217 1241 3315 &diligentis

174 3314 257 3388 sima
273 3313 429 3387 omnium
442 3314 593 3407 partium
610 3316 921 3406 membrorumque
936 3316 1146 3413 descriptio,
1168 3340 1225 3391 ca·

175 3413 248 3487 sum
265 3434 306 3484 ac
321 3410 500 3485 fortunam
516 3415 675 3505 repellat.
707 3472 711 3479 .
726 3413 795 3488 Sed
810 3430 973 3507 putemus
988 3431 1083 3489 artus
1100 3419 1133 3489 dt
1149 3416 1225 3493 ossa

177 3513 362 3586 &nervos
379 3509 412 3580 dt
430 3510 628 3606 sanguinem
649 3512 693 3585 de
715 3517 841 3587 atomis
860 3513 958 3608 polle
979 3515 1224 3594 concrescere.

178 3610 275 3707 Quid
290 3607 426 3699 sensus,
453 3612 647 3707 cogitatio,
672 3614 864 3703 memoria,
890 3635 1010 3707 mens,
1029 3615 1225 3710 ingenium,

177 3711 303 3798 quibus
318 3708 505 3782 seminibus
526 3711 953 3806 coagmentari-poliunt?
977 3714 1225 3809 minutislimis,

177 3807 315 3990 i‘nqugti·
344 3808 443 3980 ²Sunt
457 3828 543 3909 ergo
562 3809 787 3904 aliamajora.
838 3812 1038 3913 Quomodo
1052 3813 1166 3911 igitur
1174 3816 1227 3890 in·

159 3927 254 3982 -cca
280 3928 338 3979 rra

1031 4108 1174 4189 Deinde
