2775 4792
161 470 167 477 -
238 426 457 506 Lacrsm
473 398 584 504 uara
597 372 874 518 nebdoamnus
887 424 1111 553 Paresaca:
1130 364 1208 528 179'7.
1275 540 1277 545 Ι

125 586 311 682 deretur,
343 585 628 681 conventicula,
654 584 789 680 idest,
820 588 1007 684 parietes,
1026 593 1086 683 qui
1098 572 1202 667 resti·

141 692 198 763 tui
213 702 404 784 poterant,
425 687 516 763 dirui
530 686 645 781 pallus
659 686 729 763 est:
754 708 881 762 verum
896 702 1015 767 autem
1027 689 1099 766 Dei
1111 709 1201 795 tem·

128 792 261 889 plum,
286 787 386 884 q'uod
403 787 477 861 est
467 809 504 861 m
519 782 753 885 horninibus,
775 788 1182 869 incolumeservavit.

526 946 533 975 '¹
609 946 732 1026 XVL

212 1075 426 1168 Vexabatur
441 1107 528 1185 ergo
543 1086 710 1173 univorsa
724 1101 840 1181 terra,
859 1087 1037 1186 &praeter
1050 1087 1199 1186 Gallias,

137 1187 367 1364 ἒνὶοεῖξὲιξι
372 1209 487 1282 usque
506 1187 558 1263 ad
566 1188 732 1265 occasum
751 1204 826 1265 tres
840 1190 1062 1271 acerbiffimae
1080 1192 1199 1299 bestia

190 1440 271 1512 Non
295 1438 380 1509 mihi
399 1436 427 1537 fi
449 1436 565 1539 lingua
587 1446 714 1511 centron
729 1412 802 1533 dur
825 1462 939 1539 oraque
963 1457 1102 1530 centum,

191 1542 305 1610 Ferrea
330 1555 414 1621 vox,
444 1544 550 1610 omnes
565 1530 717 1630 scelerum
742 1543 954 1636 comprendere
972 1540 1113 1634 formos,
1190 1591 1195 1599 -

191 1642 307 1710 Omnia
327 1658 490 1737 ponerem
512 1650 693 1738 percurrere
716 1644 848 1711 nomina
870 1636 993 1737 pffm,

137 1806 225 1880 quas
238 1784 381 1881 Judices
398 1808 463 1883 per
480 1776 688 1883 prouincias
700 1786 800 1883 iustis
820 1801 928 1881 atque
941 1788 1196 1863 innocentibus

136 1885 349 1964 intulerunt.
399 1889 539 1962 Verum
555 1889 639 1982 quid
659 1910 752 1984 opus
775 1887 825 1963 est
846 1890 905 1962 illa
921 1898 1084 1982 narrare,
1109 1910 1199 1982 pra·
1251 1950 1257 1958 .

136 1989 245 2078 cipue
261 1988 326 2060 tibi
342 1987 491 2061 Donate
507 1990 694 2078 carillime,
721 1989 781 2080 qui
794 2003 925 2082 praeter
941 2002 1092 2062 caeteros
1107 2002 1197 2062 tem·
1274 2004 1281 2009 ·

135 2084 310 2180 pestatem
336 2087 487 2165 turbida
514 2087 772 2182 persecutionis
800 2103 971 2181 expertus
999 2085 1082 2161 esd‘
1100 2085 1197 2160 Nam
1251 2140 1253 2144 η

135 2201 221 2260 eum
236 2183 433 2261 incidiss'es
422 2208 460 2261 ιιι
475 2186 504 2260 F
506 2187 682 2263 lucernum
698 2186 925 2278 rraefeuum,
945 2201 1020 2261 non
1034 2184 1196 2279 pusillum

137 2285 378 2401 homicidam,
412 2286 570 2362 deinde
560 2310 598 2361 ιιι
617 2286 826 2362 Hieroclem
847 2309 893 2361 ex
908 2286 1058 2361 Vicario
1081 2283 1197 2377 Praeli·

135 2383 248 2477 dem,
275 2387 335 2478 qui
351 2401 457 2460 autor
476 2386 510 2460 dr
530 2385 750 2462 confiliarius
767 2387 810 2460 ad
822 2384 1020 2461 faciendam
1035 2384 1197 2479 persecu·

138 2486 276 2559 tionem
300 2485 392 2576 fuit,
422 2485 634 2580 postremo
623 2508 662 2561 ιιι
683 2484 937 2566 Priscillianum
961 2482 1196 2560 succeiiorem

139 2585 239 2674 ejus,
265 2583 522 2659 documentum
538 2587 706 2662 omnibus
720 2583 1095 2659 invidia-fortitudinis
1110 2603 1198 2675 prae·
1297 2666 1299 2675 ,

91 2704 94 2718 ·
137 2680 256 2756 buisti.
281 2704 283 2709 ·
307 2680 452 2757 Novies
470 2684 564 2761 enirn
578 2685 769 2757 tormentis
782 2683 1071 2772 cruciatibusque
1089 2680 1196 2754 variis

136 2779 336 2872 subjectus,
372 2780 504 2855 novies
529 2782 767 2857 adversarium
793 2781 950 2879 gloriosa
976 2778 1197 2855 confeffione
1277 2774 1281 2785 '

137 2879 268 2956 vicisti
317 2879 469 2955 Novem
483 2884 611 2974 praeliis
625 2883 791 2957 zabulum
807 2900 889 2955 cum
903 2880 1111 2956 satellitibus
1124 2880 1195 2955 suis

138 2977 342 3054 debellasti:
360 3001 513 3056 novem
529 2981 690 3059 victoriis
711 2981 866 3057 seculum
887 3002 969 3057 cum
988 2979 1056 3055 suis
1077 2993 1194 3054 terro·
1269 3030 1273 3034 -

137 3081 236 3155 ribus
253 3079 484 3176 triumphastr
668 3137 675 3153 ..

214 3182 333 3278 Quam
342 3179 541 3273 jocundum
554 3178 641 3253 illud
656 3176 891 3272 spectaculum
904 3178 989 3253 Deo
1005 3178 1092 3260 fuit,
1107 3198 1194 3254 cum

135 3277 315 3355 victorem
334 3293 373 3351 te
394 3292 579 3372 cerneret,
604 3299 682 3352 non
699 3281 869 3355 candidos
891 3299 1028 3373 equos,
1055 3280 1117 3351 aut
1130 3277 1194 3351 im·
1201 3340 1212 3374 χ

135 3400 258 3454 manes
277 3377 510 3471 elephantos,
536 3333 596 3452 se’d
611 3377 706 3473 ipsos
725 3379 939 3475 potitiimum
955 3378 1194 3472 triumphato·

136 3498 196 3553 res
209 3499 329 3552 currur
341 3490 409 3553 tuo
422 3477 689 3574 subjugantem?
707 3479 778 3553 Hrc
791 3477 842 3552 est
854 3498 961 3550 verus
974 3474 1190 3570 tnumphus,
1240 3571 1244 3576 ᾖ

139 3596 222 3650 cum
242 3577 489 3652 dominatores
513 3578 753 3653 dominantur.
805 3576 900 3652 vitu
923 3578 1017 3651 enim
1038 3590 1100 3647 tua
1120 3573 1194 3646 vir·

139 3682 220 3749 tute
242 3697 284 3749 ac
307 3674 481 3774 subjugati
499 3676 602 3766 sunt3
640 3674 928 3770 quandoquidem
950 3672 1103 3748 nefanda
1123 3671 1193 3766 jus·

137 3772 240 3850 srone
260 3789 494 3870 contempta,
521 3797 647 3852 omnes
665 3789 853 3872 apparatus
869 3796 911 3849 ac
932 3774 1117 3849 terriculas
1136 3788 1193 3865 ty·

137 3873 293 3947 rannicae
311 3875 498 3969 potestatis
522 3873 594 3952 fide
615 3875 728 3952 stabili
756 3877 790 3950 δι
813 3876 952 3949 robore
980 3872 1085 3948 animi
1106 3892 1192 3966 pro-

101 3971 273 4069 'digesti
332 3974 433 4050 Nihil
454 3975 621 4051 adversus
646 3989 684 4051 te
705 3977 889 4067 verbera,
921 3973 1008 4051 nihil
1034 3973 1191 4069 ungui&
1249 4046 1260 4059 .

122 4072 258 4153 ,nihil
247 4072 361 4172 ignis,
392 4077 479 4151 nihil
499 4064 661 4168 ferrum,
693 4078 783 4154 nihil
805 4075 906 4152 uaria
924 4085 1207 4177 tormentorum·
1230 4113 1233 4119 -

646 4173 739 4276 Na
884 4188 931 4273 J
1034 4180 1256 4269 genera·
