2775 4792
217 455 290 530 ¹24
311 411 581 524 Lacriu’rrr
603 399 745 514 traaa-
764 455 823 512 os
849 436 1068 541 Ornrcro
1094 413 1199 524 Dar:
1262 451 1266 462 ‘

124 633 127 644 ·
212 610 337 698 paret,
363 601 512 690 animam
531 596 651 673 nescio
668 598 754 691 quid
772 598 842 674 esse
857 600 942 676 Deo
958 600 1076 700 simile.
1126 601 1182 675 At
1195 599 1261 695 illi,

213 702 274 795 qui
291 715 440 776 ventum
456 713 601 792 putant,
622 698 701 796 ,hoc
714 699 906 794 falluntur,
923 701 1019 795 quod
1034 721 1079 773 ex
1095 723 1180 775 aere
1194 697 1261 793 spi·

212 802 321 874 ritum
343 801 539 890 ducentes,
569 799 698 872 vivere
716 800 912 896 videamur.
961 802 1079 873 Varro
1099 803 1148 872 ita
1174 781 1262 872 defi·

211 903 285 977 nit:
318 900 486 995 „Anima
510 895 561 972 est
586 919 645 970 aer
669 915 868 993 conceptus
883 919 981 991 ore,
1008 900 1201 991 tepefastus
1224 901 1283 974 in·

212 1053 241 1096 „
257 1002 454 1093 pulmone,
487 989 763 1094 fervesasiusin
784 1000 916 1091 corde,
948 997 1151 1073 diffusus-in
1181 1019 1262 1071 cor·

125 1157 127 1162 .
212 1153 243 1196 ,‚
257 1121 333 1194 pus·
352 1099 380 1140 “
425 1093 513 1170 Hae'c
532 1095 739 1188 apertisfime
763 1096 846 1172 salsa
870 1097 959 1172 sunt
991 1097 1140 1192 Neque
1165 1100 1261 1173 enim

192 1213 285 1278 ,tam
304 1195 487 1270 obscuram
509 1197 616 1268 nobis
639 1197 842 1289 hujusmodi
867 1197 950 1271 dico
977 1196 1046 1270 esse
1066 1201 1261 1290 rationem,
1282 1259 1295 1292 .,

210 1312 315 1371 utne
332 1298 405 1369 hoc
418 1294 559 1385 quidem
573 1296 830 1393 intelligamus,
857 1298 940 1389 quid
957 1318 1082 1371 verum
1098 1295 1167 1371 eise
1183 1307 1278 1400 noos

209 1397 328 1496 poffit,
382 1393 442 1466 Ao
460 1393 486 1468 si
501 1395 585 1468 mihi
602 1396 679 1486 quis
698 1381 850 1490 dixerit,
863 1418 1009 1492 laneum
1027 1395 1099 1472 esse
1117 1391 1277 1489 caelum,

212 1509 275 1571 aut
301 1497 478 1585 vitreum,
511 1507 592 1587 aut,
619 1509 660 1568 ut
682 1491 921 1591 Empedocles
947 1493 1020 1589 ait,
1053 1516 1170 1569 aerem
1190 1498 1258 1594 gla-

187 1681 193 1692 ½
209 1597 365 1686 ciarum,
389 1593 553 1666 statimne
571 1592 757 1689 assentiar,
783 1597 863 1688 quia
883 1598 1008 1670 coslum
1030 1617 1074 1668 ex
1098 1616 1167 1688 qua
1187 1618 1260 1676 ¹rna·

207 1696 300 1770 teria
321 1693 365 1767 stt
384 1689 575 1788 ignorem?
607 1691 707 1766 Sicut
724 1695 817 1768 enirn
839 1694 912 1770 hoc
930 1693 1073 1787 nescio,
1099 1697 1150 1768 ita
1172 1693 1259 1767 illud

207 1793 311 1872 scio.¹
347 1789 479 1868 Anima
501 1813 586 1887 ergo
608 1811 683 1865 non
699 1791 757 1867 iest
773 1814 833 1867 aer
849 1814 913 1867 ore
928 1811 1150 1886 conceptus,
1180 1795 1261 1886 quia

188 1895 326 1984 'rnulto
347 1892 445 1985 prius
471 1891 624 1988 gignitur
647 1893 787 1985 anima,
820 1913 923 1986 quarn
943 1894 1087 1984 concipi
1111 1914 1173 1965 aer.
1194 1914 1261 1966 ore

206 1992 323 2091 possit.
372 1989 463 2064 -Non
481 1992 574 2064 enirn
593 1990 675 2084 post
692 2007 834 2085 parturn
849 1993 1040 2078 insinuatur
1053 1995 1090 2066 in
1111 2012 1261 2088 corpus,

206 2110 251 2168 ut
268 2090 477 2184 quibusdam
499 2089 722 2182 philosophis
740 2092 907 2185 videtur,
921 2091 991 2166 sed
1008 2089 1087 2186 post
1105 2089 1260 2186 concap·

206 2207 284 2267 tum
303 2188 487 2283 protinus,
514 2207 594 2260 cum
612 2188 738 2262 foetum
756 2185 804 2263 in'
815 2207 922 2263 utero
938 2191 1262 2284 necesitasditriria

122 2319 125 2324 ·
206 2289 399 2380 formauit3
426 2281 507 2378 quia
520 2285 612 2358 adeo
626 2281 724 2378 uiuit
736 2288 830 2362 intra
845 2283 978 2361 uiscera
992 2291 1196 2385 genitricis,
1221 2295 1262 2363 'ut

206 2389 494 2478 &incremento
518 2396 711 2480 augeatur,
738 2381 773 2459 st
798 2389 931 2460 crebris
960 2389 1113 2481 pulsrbus
1136 2391 1262 2486 gestiat

110 2557 114 2565 .
207 2490 371 2568 emicare.
423 2483 589 2576 Denique
612 2484 779 2560 abortum
798 2483 875 2558 fieri
894 2486 1032 2560 neces-se
1049 2486 1121 2580 est,
1146 2487 1260 2562 srfue·

205 2592 255 2662 rit
274 2586 399 2662 animal
417 2586 513 2657 intus
529 2582 733 2660 extinttum.
773 2583 931 2660 'Caeterae
947 2583 1166 2661 definitionis
1181 2609 1257 2683 pat·

206 2702 264 2763 tes
285 2707 331 2761 eo
349 2682 527 2779 speciant,¹
551 2696 593 2755 ut
612 2684 679 2757 illis
699 2705 836 2767 novem
852 2685 1047 2778 mensibus,
1075 2688 1202 2777 quibus
1223 2691 1260 2761 in

204 2805 314 2885 utero
337 2785 488 2876 suimus,
513 2781 649 2856 mortui
670 2782 771 2859 fuisse
794 2784 989 2860 videamur.
1039 2785 1151 2858 Nulla
1171 2808 1258 2884 ergo

205 2908 258 2962 ex
275 2887 329 2958 his
349 2887 460 2956 tribus
478 2901 566 2953 vera
583 2880 755 2955 sententia
774 2884 835 2957 est.
885 2882 969 2956 Nec
986 2898 1103 2956 tamen
1124 2886 1160 2957 in
1182 2900 1260 2960 tao·

204 2995 284 3058 tunt
300 2981 407 3054 salsos
422 2979 491 3052 effe
508 2979 694 3066 dicendum
716 2981 786 3072 est,
814 2985 874 3071 qui
895 2983 968 3053 haec
991 2980 1195 3079 senserunt,
1217 2996 1260 3058 ut

206 3082 357 3158 omuino
373 3077 462 3152 nihil
480 3077 655 3164 dixerint3
681 3099 762 3155 nam
781 3080 814 3150 ἃ
830 3079 996 3174 sanguino
1011 3082 1128 3176 simul,
1156 3083 1271 3176 param.

204 3185 308 3275 lore,
334 3177 511 3269 &spiritu
528 3173 697 3253 vivimus.
746 3177 816 3252 Sed
835 3200 914 3253 cum
934 3181 1074 3254 constet
1084 3181 1206 3276 ‚anima
1220 3186 1258 3257 in

205 3300 364 3376 corpore
377 3276 430 3352 his
445 3275 609 3352 omnibus
627 3277 809 3370 adunatis,
827 3300 903 3352 non
914 3280 1162 3372 expresserunt
1175 3303 1259 3375 pro·

204 3384 281 3481 prie
299 3378 384 3471 quid
401 3374 509 3471 esset,
535 3377 617 3468 quia
633 3389 705 3453 tam
723 3373 803 3452 non‘
817 3377 939 3472 potest
958 3383 1128 3477 exprimi,
1153 3398 1259 3475 quam

204 3481 334 3556 videri.
477 3499 479 3504 ’
668 3481 670 3488 ’
892 3495 894 3500 ’
1211 3491 1214 3496 “

567 3715 572 3726 '
657 3723 661 3734 ι
866 3717 879 3734 U

557 3750 905 3784 w

557 3783 905 3808 m
