2775 4792
163 387 445 502 Lacaenam
467 409 681 491 Errrona
706 430 858 496 navtu.
882 404 1132 492 lissrrru‘r.
1160 427 1207 505 rs

196 585 334 671 Vivere,
359 574 401 658 θ’
425 579 482 674 effi
504 579 668 667 hominess
692 577 739 678 fic
764 578 817 676 illi
837 581 947 658 smair
965 575 1047 669 fissa

195 687 283 758 Vera
303 692 454 779 putant,
485 683 619 753 eradunt
632 680 737 778 figeris
760 701 811 751 tar
833 672 928 772 ineffl
951 681 989 749 in
1013 679 1138 775 almis,

189 781 324 878 Bargala
343 777 528 900 pisistratus,
553 785 629 873 ueri
652 780 763 870 nihil,
788 784 896 853 omnia
915 776 1016 876 pisso.

91 1006 93 1019 ,
136 923 282 1000 Tullius
301 941 450 1016 quoque
468 922 514 999 de
533 919 676 996 Natura
693 919 848 1019 deorum=
867 920 1140 1019 commentitios
1163 944 1206 1000 ac

91 1040 93 1069 ³
138 1021 244 1101 fictos
263 1023 357 1097 deos
380 1023 542 1115 queritur
558 1019 746 1110 induam,
781 1020 916 1095 &hinc
933 1016 1088 1099 extitisse
1104 1021 1205 1099 salsas

91 1078 96 1193 s
137 1126 358 1218 opiniones,
387 1142 603 1214 erroresque
630 1112 886 1213 turbulentos,
923 1119 957 1192 dc
987 1116 1206 1215 superstitio·

91 1214 93 1271 ἶ
127 1230 205 1315 ¹ne's
230 1243 327 1320 pene
348 1223 470 1299 aniles.
523 1224 616 1324 Quae
636 1219 813 1295 sententia
842 1240 890 1293 eo
917 1219 1027 1293 debet
1055 1223 1206 1320 gravior

91 1412 92 1419 .
137 1316 490 1421 comparuissent
513 1321 591 1397 hee
611 1319 821 1408 disseruit&
837 1317 1077 1416 Philosophus
1097 1322 1206 1400 osa·
1263 1418 1265 1423 .

138 1425 286 1500 cerdos.

798 1618 1206 1657 ann-*und

425 1732 911 1841 cnuurxmm

374 1908 430 1982 Da
456 1910 537 1980 Diis
560 1902 602 1986 U
619 1906 724 1996 satir
746 1905 975 1986 Bardamana.
1024 1993 1026 1996 y

138 2087 347 2271 Diximus
371 2086 417 2162 de
433 2086 536 2177 Diiss
568 2108 665 2164 nune
680 2087 726 2164 de
741 2087 869 2163 ritibus
889 2084 1071 2166 sacrorum
1088 2089 1206 2165 cultu·
1254 2151 1257 2159 .

248 2188 371 2279 risque
394 2188 566 2265 dicemus.
622 2188 711 2286 Jovi
730 2188 893 2283 Cyprio,
927 2191 1017 2264 slcut
1036 2188 1233 2291 Teucrus„

137 2287 362 2381 instituerat,
395 2288 549 2364 humana
575 2288 691 2364 hostia
719 2289 862 2364 massari
885 2287 1036 2366 solebat.
1087 2290 1146 2364 Sic
1170 2292 1207 2365 dt

137 2387 255 2462 Tauri
269 2388 396 2463 Dianae
415 2387 574 2482 hospites
595 2391 852 2480 immolabant3
882 2385 1034 2465 Latiaris
1058 2410 1206 2483 quoque

137 2487 282 2585 Jupiter
296 2488 454 2564 humano
470 2487 636 2587 sanguine
655 2491 873 2585 propitiatus
886 2488 947 2567 est.
986 2487 1104 2566 Etiam
1121 2504 1206 2566 ante
1295 2547 1300 2564 .

139 2588 332 2663 Saturnum
355 2586 571 2686 sexagenarii
592 2592 760 2665 homines
783 2612 830 2682 err
851 2588 1004 2685 persona
1022 2589 1205 2683 Apollinis

138 2687 186 2763 de
208 2700 327 2783 ponte
351 2687 391 2762 in
413 2687 576 2764 Tiberim
602 2690 874 2783 dejiciebantur.
934 2687 991 2762 Et
1007 2689 1122 2763 eidem
1146 2690 1207 2766 Sa·
1228 2732 1229 2737 Ν

139 2801 253 2862 turno
278 2783 587 2887 Carthaginienses
609 2809 689 2863 non
710 2789 824 2863 modo
847 2787 1004 2863 infantes
1024 2787 1212 2885 prosecraf

140 2888 256 2982 bant,
296 2886 357 2961 sed
385 2887 420 2960 dr
447 2886 534 2963 visti
564 2911 585 2963 a
610 2884 769 2984 Siculis,
810 2906 852 2963 ut
878 2890 1060 2984 piaculum
1089 2889 1209 2967 solve-

142 3001 250 3080 rent,
272 2986 450 3062 ducentos
464 2989 642 3064 nobilium
657 2985 755 3063 filios
772 2982 1063 3065 immolaverunt.
1121 2991 1206 3068 Nee
1285 2982 1295 3008 ’“

140 3087 203 3161 illa
226 3086 281 3160 his
305 3088 518 3162 humaniora
537 3086 639 3184 lunt,
664 3110 743 3182 que
757 3085 850 3163 liunt
868 3093 1074 3167 etiamnunc
1092 3092 1207 3167 Matri
1284 3161 1292 3189 „

138 3207 277 3283 magna
312 3202 420 3280 atque
451 3187 643 3282 Bellona,
675 3190 716 3263 i'n
749 3192 883 3282 quibus
904 3189 1094 3266 Antistites
1128 3214 1208 3269 non

139 3287 262 3360 alieno
288 3285 478 3385 sanguine,
504 3286 564 3362 sed
586 3287 651 3362 suo
679 3290 806 3383 litant,
833 3299 913 3364 cunr
934 3293 1125 3387 amputatis
1146 3315 1208 3390 ge·

137 3384 310 3461 nitalibus
328 3409 349 3460 a
364 3387 647 3486 viris'migrant,
673 3410 743 3462 nec
764 3390 808 3463 ad
822 3388 986 3465 feminas
1002 3407 1206 3489 transeunt,
1293 3415 1297 3423 ·

138 3499 204 3559 aut
235 3483 334 3561 sedis
365 3486 530 3562 humeris
548 3485 774 3569 detestabiles
797 3510 873 3565 aras
897 3486 1050 3588 proprio
1073 3513 1207 3571 cruore

133 3584 359 3684 respergunt.
409 3586 481 3660 Sed
495 3589 572 3661 hac
589 3589 757 3665 crudelia.

165 3743 169 3750 .
215 3684 415 3762 Veniamus
430 3688 473 3761 ad
491 3688 600 3765 mitia.
646 3685 744 3764 Ifidis
760 3685 958 3772 sacranihil
979 3691 1074 3767 aliud
1089 3692 1208 3771 osten·
1250 3746 1279 3779 ·.

138 3783 259 3876 dunt,
289 3786 352 3862 nisr
376 3783 675 3880 quemadmodum
700 3786 811 3865 lilium
833 3812 1008 3887 parvum,
1026 3796 1103 3885 ·qui
1122 3796 1209 3871 dici·

138 3897 202 3959 tur
217 3879 349 3971 Osiris,
373 3888 570 3982 perdiderit
590 3889 624 3962 dt
642 3891 849 3968 invenerit.
894 3891 991 3968 Nam
1009 3895 1127 3986 primo
1147 3897 1210 3971 Sa·
1292 3923 1297 3931 ’

139 3985 315 4059 cerdotes
327 4006 369 4060 ac
383 3987 560 4082 Ministri,
583 3990 714 4066 derafls
729 3992 898 4065 omnibus
914 3995 1107 4087 membris,
1125 4011 1210 4070 tun·
1250 4053 1257 4072 .
1281 4060 1288 4080 .

139 4083 256 4187 lisque
275 4083 511 4190 pedoribus,
537 4089 740 4203 planatus,
769 4091 932 4197 dalem,
952 4092 1242 4278 wakinges,

972 4216 973 4220 ‘
1074 4216 1102 4272 e
1133 4211 1216 4269 usu

856 4274 957 4367 't
