2775 4792
166 407 169 414 ’
244 410 463 496 tuorem
479 413 589 513 tmere
606 390 666 518 nr,
674 395 879 494 Montanus
893 411 1101 493 Pnesecua,
1130 392 1204 514 ‘213
1238 477 1243 482 .
1281 422 1284 430 ’

137 573 287 652 *exacuo
300 573 561 672 celebratum,
587 579 740 654 maxime
755 577 1053 671 reiannonariae,
1080 576 1228 668 ecquis.

146 695 310 751 enarrare
331 678 436 776 digne
459 676 603 769 potest?
636 676 850 756 Officiorum
876 678 1035 750 omnium
1054 680 1200 774 milites,
1231 731 1234 736 -

145 778 207 849 vel
226 778 346 870 potius
364 773 572 869 carnifices,
593 776 735 874 fingulis
750 777 1001 874 adhaerebant3
1029 778 1084 848 cui
1101 777 1199 869 prius

117 903 119 907 ·
142 872 352 967 satisfieret,
378 878 576 950 incertum:
609 879 717 951 venia
740 898 821 953 non·
841 876 1054 950 habentibus
1069 877 1198 966 'nulla3
1286 947 1290 952 .

142 973 331 1048 sustinendi
351 976 564 1072 multiplices
584 978 786 1069 cruciatus,
812 976 873 1050 nisr
892 975 1122 1049 exhiberetur
1136 975 1202 1049 sta·

142 1074 235 1164 tim,
269 1074 367 1163 quod
387 1096 463 1147 non
480 1087 586 1164 erat:
618 1077 739 1169 multis
764 1076 932 1150 custodire
956 1073 1200 1169 ¹circumsepto
1241 1081 1244 1086 ’

136 1174 242 1245 ‘nulla
258 1172 449 1267 respirandi
465 1172 636 1262 incultam
662 1176 766 1254 nullo
778 1189 942 1270 tempore
956 1175 1038 1268 antri
1050 1174 1201 1260 velexi-
1240 1253 1246 1264 ¹

142 1272 1199 1368 gererequies3frequenssupe'rhisdemhominibus,velips1s

136 1371 331 1464 judicibus,
345 1373 411 1445 vcl'
420 1374 589 1447 militibus
600 1375 761 1469 judicum
773 1393 908 1469 pugna:
924 1373 1021 1449 nulla
1034 1393 1114 1447 area
1125 1374 1198 1450 stuc

142 1469 325 1562 exastore,
339 1472 435 1549 nulla
447 1472 629 1546 vindemia
639 1474 711 1546 srne
723 1470 889 1551 custode,
904 1474 993 1545 nihil
1006 1472 1050 1545 ad
1065 1471 1200 1546 vitium

141 1571 389 1644 laborantibus
411 1571 583 1647 relictum.
641 1549 1204 1672 Quaequanquamirrtolesabiliai

141 1668 222 1759 sint,
243 1671 332 1764 eripi
346 1674 388 1743 ab
405 1692 470 1745 ore
487 1674 672 1746 bominum
686 1672 789 1745 cibos
802 1672 934 1745 labore
946 1670 1123 1763 quaesrtos,
1145 1685 1199 1744 te·

138 1790 223 1843 men
232 1769 457 1845 sustentabile
468 1772 588 1863 aliquo
598 1770 711 1844 modo
722 1772 784 1843 vel
794 1770 852 1864 spe
862 1769 1078 1844 futurorum.
1098 1769 1198 1869 Quid

139 1866 248 1940 vestis
268 1873 385 1943 omnis
405 1869 570 1965 generisi
597 1872 681 1962 quid
700 1868 852 1943 aurunt
886 1870 970 1961 quid
986 1868 1198 1966 argentum?
1269 1871 1273 1876 ’

139 1963 278 2039 Nonne
300 1968 376 2039 haec
396 1968 534 2041 necesse
556 1968 670 2043 estex
691 1968 847 2041 venditis
863 1966 1034 2041 fruitibus
1053 1989 1199 2061 compa·
1275 1973 1285 1996 ⁸

137 2064 236 2140 tari?
265 2065 371 2139 Unde
384 2066 490 2163 igitur
502 2068 596 2158 hoc,
614 2089 639 2141 o
654 2065 904 2142 dementissime
917 2082 1091 2159 tyranne,
1110 2088 1199 2160 prae·
1248 2147 1268 2161 Α

122 2162 262 2255 stabo,
290 2186 371 2239 cum
386 2187 512 2240 omncs
529 2164 661 2241 srudtus
678 2167 841 2258 serietas,
867 2165 1035 2240 universa
1053 2167 1198 2240 nascen-

139 2264 191 2336 tia
207 2266 391 2364 uiolenter
407 2266 559 2359 eripias?
585 2269 678 2363 Quis
693 2275 779 2363 ergo
796 2288 872 2340 non
886 2267 993 2340 bonis
1010 2265 1077 2340 suis
1093 2285 1197 2351 everq

140 2362 196 2436 sus
210 2364 281 2447 est,
306 2367 347 2438 ut
360 2386 449 2460 opes
457 2400 477 2458 ,r
494 2368 573 2459 qitae
587 2367 648 2441 sub
661 2367 812 2460 imperio
829 2368 904 2460 ejus
920 2366 1086 2459 suerunt,
1109 2385 1197 2440 con·

105 2470 108 2480 '
137 2462 348 2539 raderentur
364 2466 408 2540 ad
424 2470 577 2563 votum,
603 2468 702 2560 quod
717 2487 800 2541 non
812 2479 888 2539 erat
902 2465 1164 2544 celebraturus.
1196 2531 1202 2544 ,

579 2624 757 2703 XXXII.

103 2789 105 2794 ·
214 2762 440 2859 Nuncupato
464 2765 572 2861 igitur
595 2765 740 2839 Licinio
759 2763 1004 2860 Imperatore,
1029 2759 1198 2839 Maximi·
1222 2831 1225 2836 a

138 2884 207 2939 nus
228 2865 362 2957 iratus,
388 2886 458 2939 nec
477 2862 648 2938 Cesarem
664 2863 730 2954 se,
754 2885 823 2938 nec
840 2864 951 2939 tertio
970 2865 1057 2937 loco
1081 2853 1211 2937 nomi-⁸
1272 2945 1275 2955 ¹

137 2964 215 3039 nari
228 2965 391 3041 volebat.
442 2965 562 3038 Mittit
578 2985 665 3063 crgo
680 2966 819 3040 adeum
833 2964 920 3058 saepe
934 2966 1089 3059 legatos:
1112 2976 1196 3036 orat

137 3064 201 3137 srbi
227 3078 368 3156 pareat,
394 3064 658 3157 dispositionem
680 3064 774 3139 suam
794 3062 932 3155 servet,
959 3063 1063 3136 cedat
1084 3064 1195 3155 aetati,

139 3155 376 3237 &honorem
402 3164 540 3237 deserat
571 3161 679 3239 canis.
732 3164 787 3237 At
813 3165 873 3237 ille
904 3165 1002 3237 tollit
1028 3163 1195 3235 audacius

139 3282 299 3353 cornua,
326 3263 360 3335 dt
375 3263 641 3356 prescriptione
655 3264 828 3356 temporis
843 3276 978 3357 pugnat
991 3261 1024 3334 se
1037 3263 1195 3355 priorem

138 3360 209 3435 eise
231 3363 383 3453 debere,
417 3362 477 3452 qui
496 3363 596 3455 prior
616 3360 798 3458 sumpserit
814 3382 1029 3455 purpuram3
1066 3378 1193 3453 preces

138 3465 214 3553 ejus
233 3461 446 3535 &mandate
462 3464 673 3538 contemnit.
722 3461 839 3535 Dolet
856 3459 984 3551 bestia,
1011 3460 1046 3533 u
1065 3457 1193 3552 mugit,

139 3562 239 3650 quod
262 3582 342 3635 cum
360 3561 446 3633 ideo
473 3561 666 3657 ignobilem
690 3559 827 3636 fecisset
850 3558 1038 3649 Caesarem,
1070 3570 1112 3628 ut
1132 3558 1195 3632 srbi

141 3656 339 3748 obsequens
360 3659 472 3753 esset,
499 3661 528 3733 is
544 3671 662 3734 tamen
680 3662 771 3734 tanti
788 3655 953 3744 beneficii
972 3657 1021 3729 sui
1043 3656 1193 3749 obiitus,

140 3758 323 3842 voluntati
340 3781 381 3834 ac
398 3756 648 3855 precibussuis
665 3760 773 3855 impie
788 3769 1015 3856 repugnaret.
1046 3755 1193 3829 ‘Vistus

140 3861 387 3950 contumacia,
414 3862 512 3933 tollit
530 3856 701 3935 Caesarum
720 3877 876 3949 nomen,
905 3854 988 3930 &se
1000 3854 1194 3928 Licinium-

140 3963 211 4048 bue
234 3954 415 4053 Augustos
438 3961 591 4052 apellat,
626 3959 849 4031 Maxentium
869 3954 1193 4028 &Constantinum

138 4054 234 4133 filios
257 4054 512 4155 Augustorum.
557 4058 786 4230 tmaxgminus
809 4053 1037 4151 postmodum
1061 4053 1196 4215 scribit,
