2775 4792
176 395 182 410 ’
233 416 458 538 hermu
474 395 585 493 arara
600 435 653 538 up
666 414 874 493 Moarrnus
889 411 1097 498 mancum
1112 413 1203 526 'app

133 582 215 658 -Sub
238 582 313 655 hoc
338 580 526 671 monstro,
562 576 742 671 pudicitia
764 577 951 675 integritas
971 580 1096 673 nulla,
1121 578 1200 660 *nrt
1273 607 1296 636 ¹·

138 686 203 756 ubi
223 685 406 757 barbaram
426 680 612 754 libidinem
637 676 847 754 deformitas
871 677 1023 776 insrgnia
1039 680 1198 762 arcebat.

139 779 325 858 Postremo
345 782 443 854 hunc
454 782 526 872 jam
540 778 732 852 induxerat
744 793 911 871 morem,-
927 795 970 854 ut
983 787 1092 855 n'erno
1106 802 1198 858 uxo·

139 904 216 956 rem
236 882 308 957 line
325 877 491 973 permiffu
512 882 588 973 ejus
608 879 780 971 duceret,
812 894 855 954 ut
875 878 948 975 ipse
969 881 1200 958 in'omnibua
1229 923 1231 930 ·
1271 937 1274 942 ,

137 984 272 1074 nuptiis
298 980 531 1076 praemrstator
555 974 671 1054 esset·
705 977 880 1075 Ingenuas
904 982 1071 1078 virgines'
1084 982 1199 1058 immi·

137 1097 243 1156 nutas
270 1079 381 1154 servis
407 1080 474 1152 suis
501 1079 660 1154 donabat
683 1089 832 1155 uxores.
880 1079 951 1154 Sed
976 1081 1012 1154 dc
1035 1077 1200 1158 Comiter

139 1183 215 1273 ejus
239 1178 302 1253 sub
330 1181 391 1254 tali
415 1180 578 1275 Principe
600 1179 831 1262 imitabantur
857 1180 956 1279 [hoc
979 1185 1202 1278 exemplum,

141 1282 176 1354 aa
196 1277 353 1373 civium]
376 1278 519 1354 suorum
540 1280 669 1354 cubilia
686 1282 832 1372 impune
848 1281 1073 1360 violabant..
1105 1283 1200 1382 Quia

140 1382 238 1454 enim
258 1379 490 1453 vindicaret?
524 1379 768 1453 Mediocriunr
792 1376 907 1463 filias,
939 1395 980 1453 ut
1005 1383 1135 1474 cuique
1159 1384 1205 1455 lr-

139 1482 288 1569 buerat,
304 1482 475 1573 rapiebat.
525 1477 723 1570 Primariae,
742 1493 820 1570 quae
834 1479 910 1572 rapi
924 1499 1001 1552 non
1013 1496 1200 1578 poterant,
1255 1573 1257 1582 Ι

140 1581 180 1652 in
197 1576 382 1654 beneficiis
405 1579 643 1673 petebantur3
676 1598 745 1651 nec
765 1576 919 1652 recusari
930 1580 1103 1673 licebat,
1122 1582 1206 1656 suli*
1233 1616 1237 1628 ·

140 1678 321 1752 scribente
333 1679 580 1774 Imperatore,
602 1681 687 1771 quin
702 1677 998 1773 autpereundum
1012 1678 1118 1775 eiiet,
1138 1677 1207 1760 aut
1276 1677 1283 1694 ’

140 1780 326 1853 habendus
347 1796 458 1876 gener
483 1777 607 1871 aliquis
631 1779 814 1853 barbarus.
862 1778 965 1856 llam
986 1779 1063 1854 fere
1078 1783 1204 1856 ‘nullus
1289 1815 1291 1822 ·

140 1877 293 1973 stipator
309 1880 349 1951 in
365 1883 479 1952 latere
499 1879 556 1968 ei,
581 1879 645 1952 nisr
661 1899 708 1951 ex
722 1893 829 1973 gente
844 1877 996 1970 horum,
1016 1881 1076 1970 qui
1091 1902 1110 1951 a
1125 1880 1205 1954 Go-

140 1983 213 2051 this
228 1994 395 2069 tempore
409 1978 649 2051 vicennalium
660 1980 765 2050 terris
778 1975 845 2050 suis
857 1976 964 2070 pulfi‚
979 1976 1207 2054 Maximiano

142 2076 179 2150 se
200 2077 451 2171 tradiderunt,
486 2077 582 2152 malo
599 2078 740 2171 generis
756 2077 923 2172 hnmani,
955 2092 997 2152 ut
1011 2078 1062 2151 illi
1077 2078 1206 2155 barba.

143 2199 220 2250 ram
241 2175 453 2250 serviuitem
476 2175 675 2276 fugientes,
707 2174 745 2248 ln
767 2175 955 2252 Romanos
979 2175 1208 2253 dominaren-

142 2291 214 2353 tur.
266 2277 334 2350 His
348 2274 556 2352 satellitibus
571 2277 605 2352 dc
617 2273 886 2374 protestatibus
899 2276 1057 2374 cintius,
1074 2277 1213 2355 Orien.

143 2392 219 2453 tem
237 2379 396 2481 ludibrio
413 2378 550 2479 babuit.
1025 2423 1028 2430 ·

427 2613 429 2618 ,
520 2533 781 2645 „xxxrx
857 2545 860 2550 ¹
954 2509 956 2514 ’

221 2676 392 2769 Denique
415 2695 523 2772 quum
547 2674 754 2749 libidinibus
771 2675 949 2750 suishanc
966 2677 1082 2774 legem
1098 2675 1211 2754 dedis·

148 2780 224 2868 set,
250 2795 291 2852 ut
311 2778 363 2850 fas
382 2790 526 2869 putaret
545 2774 716 2866 quidquid
739 2773 981 2869 concupisset,
1009 2800 1058 2852 ne
1073 2779 1118 2853 ab
1132 2777 1209 2854 Au·

99 2903 102 2918 ·
148 2879 248 2979 gusta
264 2878 426 2969 quidem,
455 2893 559 2968 quarn
572 2894 687 2967 nuper
701 2877 945 2969 appellaverat
960 2891 1127 2971 matrem,
1140 2885 1211 2971 po·

93 2977 94 2982 ’
149 2984 222 3054 tuit
239 2994 449 3071 temperare.
505 2976 670 3048 Venerat
685 2971 768 3070 post
784 2976 923 3049 obitum
937 2975 1145 3054 Maximiani
1164 2979 1209 3054 ad

151 3103 234 3160 eum
250 3080 418 3171 Valeria,
446 3084 553 3167 quurb
571 3073 606 3146 se
621 3090 766 3167 putaret
779 3076 816 3149 in
831 3078 991 3168 partibus
1006 3080 1080 3169 ejus
1096 3080 1211 3154 tutius

151 3181 391 3269 moraturam,
414 3197 461 3249 eo
477 3177 629 3249 maxime
639 3174 743 3266 quod
757 3173 914 3248 habebat
925 3197 1089 3255 atrorem.
1139 3177 1212 3251 Sed

153 3282 280 3354 animal
298 3275 472 3350 nefarium
489 3274 654 3367 protinus
672 3273 871 3349 inardescit.
923 3272 1055 3350 Adhuc
1073 3280 1109 3350 in
1125 3280 1213 3350 atris
1298 3351 1300 3355 .

113 3449 116 3455 .
153 3379 312 3452 vestibus
339 3388 417 3449 erat
441 3373 600 3465 mulier,
630 3373 793 3458 nondum
813 3373 928 3447 indus
956 3390 1122 3468 tempore
1147 3378 1210 3451 im·

153 3484 268 3575 pleto.
300 3476 464 3575 'Legatis
483 3471 656 3566 praemiffis
682 3474 720 3546 in
742 3463 973 3548 matrimonio
994 3475 1213 3569 postulabat,

158 3579 332 3752 iim
353 3571 1213 3753 urmattuarii..irretiri-¹1·

156 3696 706 3869 inerilloqfffaliohaagizu·agerg,
737 3772 867 3867 tepidis
895 3697 1012 3847 {dhuc
1034 3695 1214 3850 cernerem:
1266 3863 1268 3867 ,

157 3877 276 3956 mariti
297 3873 373 3968 sui,
404 3879 513 3972 patris
536 3874 637 3967 ejus;
666 3872 798 3947 deinde
821 3872 921 3944 illum
947 3874 1054 3965 impie
1077 3876 1215 3968 facere,

162 3978 262 4070 quod
283 3977 347 4051 fibi
362 3976 465 4050 fidam
485 3978 675 4071 conjugem
695 3965 880 4063 repudiet,
906 3969 1000 4045 idem
1019 3975 1143 4068 utique
1164 3975 1215 4048 ia-

162 4079 281 4156 taurus
299 4077 332 4153 lit
348 4067 431 4167 fibi3
455 4076 660 4173 postremo,
684 4070 786 4149 nefas
806 4067 875 4164 effe
891 4070 1161 4241 illiuanominia
1174 4095 1226 4181 aa.
1266 4131 1268 4136 ,

103 4219 107 4226 ,
1089 4236 1091 4240 ,
1132 4186 1206 4239 nex
