2775 4792
115 390 117 395 ⁵
204 432 280 497 ,110
316 407 585 487 anrnnrn
609 422 744 485 ornan
770 426 828 495 nr
855 404 1198 507 0a1r1c10Ds1,

203 572 352 677 pollicis
373 591 510 651 nomen
530 568 694 666 accepit,
728 568 829 661 quod
854 569 894 643 vi
920 570 955 645 dt
1004 573 1159 649 otestate
1177 577 1275 651 inter

207 687 362 751 caeteroa
377 674 527 769 polleat
547 671 670 771 ¹Duos
687 669 830 764 quidem
844 594 1017 748 erticulgs
1033 689 1198 750 extantes
1213 677 1276 751 ha-

205 777 293 869 bet,
318 793 397 867 non
420 789 463 849 ut
485 771 543 844 alii
565 785 718 864 ternos,
747 769 807 846 sed
831 789 922 846 unus
943 773 986 846 td
1002 795 1143 848 manum
1164 797 1274 851 carne

206 870 437 957 connebiitur
459 867 711 965 pulcritudinis
727 869 851 967 gratia.
901 868 938 943 Si
960 875 1054 946 enim
1074 874 1193 948 fulliet
1212 876 1274 951 tri·

204 978 279 1051 bus.
294 971 453 1049 articulis
474 968 597 1067 &ipse
622 966 816 1067 discretus,
841 970 936 1045 foeda
958 972 1181 1050 &indecora
1198 976 1275 1074 spe.

206 1077 281 1151 cies
295 1068 478 1159 ademisset
496 1072 664 1167 manibus
674 1062 915 1163 honestatem.

208 1264 210 1269 Ι
280 1173 357 1268 er
370 1160 698 1265 pectorislatitudo
716 1167 890 1263 sublimis,
912 1171 948 1244 u
963 1172 1124 1264 exposita
1138 1175 1272 1270 oculis,

203 1274 403 1355 mirabilem
420 1292 492 1365 prae
507 1267 542 1345 se
559 1268 632 1345 fert
650 1268 794 1355 habitus
815 1268 866 1343 sui
885 1271 1106 1367 dignitatem.
1153 1272 1271 1367 Cuius

199 1377 283 1467 bec
302 1370 409 1463 cruia
432 1369 509 1464 est,
545 1366 815 1463 quod.videtur
834 1370 1020 1447 hominem
1038 1370 1151 1447 solum
1167 1374 1270 1450 Deus

204 1474 325 1559 veluti
342 1468 504 1567 supinum
521 1466 711 1569 formaile3
743 1490 825 1549 nam
843 1470 921 1547 iere
935 1470 1071 1546 nullum
1088 1473 1182 1547 aliud
1200 1474 1272 1547 ani-

193 1575 276 1655 ·mal
293 1574 415 1667 jacere
440 1571 477 1647 in
499 1584 647 1669 tergum¹
662 1568 806 1667 potest,
837 1584 954 1669 mutas
976 1587 1094 1646 autem
1117 1575 1272 1649 animan·

138 1689 149 1701 ··
205 1688 262 1748 tes
284 1670 378 1766 quasa
403 1672 545 1745 alterno
574 1672 689 1745 latere
708 1672 870 1764 jacentes
899 1665 1060 1763 linxisse,
1095 1686 1203 1764 atque
1228 1673 1273 1749 ad

204 1788 338 1869 terram
359 1767 629 1869 conpreffiffe,
662 1768 805 1845 idcirco
828 1772 896 1845 illis
922 1770 1105 1869 angustum
1131 1773 1271 1869 petius,

206 1872 243 1953 dt
258 1874 303 1949 ab
319 1866 460 1971 aspectu
473 1883 674 1965 remotum,
690 1866 783 1944 &ad
795 1884 927 1945 terram
939 1870 1064 1945 versus
1078 1872 1270 1965 abjectum:

193 1972 347 2051 -homini
363 1985 496 2045 autem
522 1983 647 2065 patens
673 1966 908 2060 &erebum
940 1972 1021 2065 quia
1047 1974 1191 2068 plenum
1217 1993 1272 2048 ra·

206 2074 320 2171 tionis
338 2092 359 2145 a
377 2071 472 2144 coelo
494 2068 606 2163 datae,
641 2069 795 2165 humile,
827 2084 890 2145 aut
910 2070 1081 2161 indecens
1105 2072 1271 2149 ellenon

207 2172 345 2265 debuit.
396 2168 541 2263 Papillae
552 2190 699 2263 quoque
712 2170 845 2245 leviter
856 2173 1075 2267 eminentes,
1093 2171 1272 2247 &fuscio-

206 2274 307 2347 ribus
328 2290 370 2343 ac
387 2269 509 2363 parvis
527 2267 676 2347 orbibus
697 2284 904 2365 coronate,
928 2291 1006 2345 non
1027 2272 1114 2346 nihil
1133 2274 1271 2348 addunt

205 2366 425 2449 venustatis,
449 2364 601 2444 foeminis
622 2368 665 2441 ad
682 2369 831 2447 alendos
851 2370 957 2445 foetus
976 2371 1086 2465 datae,
1112 2372 1273 2456 maribus

206 2471 253 2547 ad
273 2469 389 2546 solum
408 2464 545 2562 decus,
576 2489 623 2545 ne
642 2466 800 2545 informe
819 2468 965 2565 peiius,
999 2472 1032 2545 δι
1052 2472 1146 2564 quasi
1164 2473 1271 2547 muti·

197 2573 282 2661 ¹ium
307 2568 506 2645 videretur.
554 2562 657 2657 ¹Huic
682 2564 821 2644 subdita
845 2568 896 2643 est
920 2571 1090 2667 planicies
1107 2570 1270 2665 uentris,

208 2693 315 2765 quam
347 2669 500 2767 mediam
530 2667 608 2743 fere
637 2668 828 2747 umbilicus
858 2692 934 2745 non
967 2673 1151 2746 indecenti
1181 2686 1273 2746 notu

205 2772 341 2869 figunt,
368 2768 510 2873 adhoc
534 2762 671 2865 fnum,
702 2782 753 2856 utv
766 2792 831 2869 per
851 2792 934 2849 eum
951 2771 1080 2867 ioetus,
1113 2771 1199 2855 dum
1219 2770 1271 2847 est

145 2958 148 2965 ¹
206 2874 393 2967 innuero,
416 2870 608 2948 nutrietur.
723 2926 726 2931 .

543 3167 637 3245 CA
662 3171 689 3247 P
715 3171 754 3247 U
776 3170 814 3247 T
863 3173 930 3252 XI.

357 3318 412 3389 De
434 3313 595 3415 inressinis
621 3318 659 3386 in
682 3316 828 3406 homine,
861 3342 1023 3416 eorumque
1047 3319 1115 3410 usu.

206 3477 403 3662 Sequitur
422 3472 641 3571 neceffario,
666 3488 710 3550 ut
729 3476 774 3551 de
790 3479 940 3553 internis
959 3500 1105 3572 quoque
1125 3477 1270 3567 visceri·

282 3580 350 3653 bus
362 3576 483 3651 dicere
498 3577 683 3669 incipiam:
703 3577 830 3669 quibus
845 3600 921 3652 non
937 3580 1166 3674 pulcritudo,
1185 3582 1269 3674 quia

206 3677 289 3756 sunt
304 3676 437 3770 abdita,
455 3674 512 3749 sed
526 3677 660 3751 utilitas
673 3678 890 3751 incredibilis
907 3680 1079 3752 attribute
1096 3679 1161 3772 est,
1178 3702 1268 3773 quo·

205 3780 302 3855 niam
327 3796 420 3871 opus
445 3775 590 3870 fuerat,
620 3788 664 3850 ut
682 3791 865 3853 terrenum
893 3779 967 3853 hoc
992 3800 1124 3874 corpus
1157 3780 1268 3854 succo

205 3878 328 3970 aliquo
355 3878 400 3951 de
420 3862 508 3951 ciliis
529 3896 571 3949 ac
594 3876 741 3971 potibus
760 3878 936 3971 aleretur,
972 3879 1061 3954 sicut
1081 3894 1176 3965 terra
1196 3880 1269 3975 ipsa

204 3976 378 4053 imbribus
396 3998 437 4049 ac
458 3975 605 4072 pruinis.
654 3974 983 4053 Providentiffimus
1000 3980 1131 4054 artifex
1144 3982 1182 4054 in
1196 4002 1269 4055 me·

203 4078 268 4157 dio
288 4076 363 4173 cius
383 4077 651 4172 receptaculum
673 4076 762 4165 cibis
785 4075 896 4177 fecit,
930 4082 1059 4177 quibus
1080 4079 1269 4160 concoctis
