2775 4792
239 420 455 501 anrnnru
471 438 580 533 arpen
598 440 649 495 mr
665 420 868 496 Monrrnus·
881 419 1086 521 Prnsncun.
1120 435 1188 518 185
1300 456 1302 463 ¹

140 594 266 656 centes
285 583 413 657 animas
434 580 691 675 profuderunt3
726 580 833 656 serius
853 582 1014 677 quidem,
1027 584 1099 660 'sed
1115 602 1205 683 gra·'

140 684 237 755 viter
253 703 293 755 ac
311 682 426 777 digne.
479 678 672 753 Distulera't
686 684 778 756 eninr
794 703 913 774 poenas
932 704 1057 763 eorum
1073 685 1189 781 Deus,

140 795 183 875 nt
203 783 324 855 ederet
340 782 377 852 in
393 801 458 853 eos
475 800 601 874 magna
617 779 650 854 n
667 774 838 854 mirabilia
853 786 1034 876 exempla,
1062 786 1188 876 quibus

139 879 272 973 posteri
294 879 494 971 discerent,
529 879 562 950 n
585 870 704 954 Deum
728 879 795 953 elie
816 902 945 974 unum,
972 860 1005 953 ἃ
1027 886 1190 961 eumdem

143 981 342 1070 vindicem,
375 978 478 1074 digna
503 977 675 1052 videlieet
695 978 862 1071 supplicia
877 981 992 1072 impiis
1012 984 1190 1075 aciperse·

90 1146 94 1158 ,
138 1079 325 1150 cutoribus
340 1079 517 1173 inrogare.
560 1076 619 1150 De
637 1099 788 1170 quorum
807 1079 906 1151 exitu
921 1079 1053 1172 scripto
1069 1079 1191 1155 testifi-

139 1181 210 1249 cari
226 1178 381 1270 placuit„
402 1193 444 1250 ut
458 1197 581 1251 omnes
598 1178 657 1268 q'ui
670 1179 799 1271 procul
815 1181 924 1252 amoti
940 1178 1107 1273 suerunt,
1128 1183 1190 1255 vel

139 1280 200 1370 qui
214 1275 335 1369 postea
348 1274 459 1349 futuri
473 1275 570 1368 sunt,
596 1274 744 1369 scirent,
772 1272 944 1370 quatenus
959 1280 1132 1359 virtutem
1147 1301 1189 1355 ac

137 1373 353 1467 maiestatem
372 1375 466 1449 suam
484 1374 520 1450 in
539 1376 769 1451 excindendis
786 1378 1013 1469 delendisque
1033 1381 1190 1453 nominis

139 1474 191 1548 sui
214 1474 371 1549 hostibus
389 1475 489 1547 Deus
510 1472 660 1550 hammus
684 1474 899 1551 ostenderet.
949 1477 1044 1550 Hinc
1069 1482 1190 1570 itaque

136 1574 228 1647 utile
250 1573 324 1663 est,
357 1574 381 1647 sr
405 1596 423 1646 a
445 1574 624 1666 principio
648 1596 693 1648 ex
715 1594 789 1667 quo
810 1575 861 1649 est
880 1572 1036 1649 Ecclesia
1060 1578 1191 1651 eonsti-

138 1686 238 1762 tuta,
272 1674 330 1764 qui
349 1673 618 1765 persecutores,
645 1674 678 1746 dr
700 1676 825 1766 quibus
846 1674 957 1769 poenis
977 1675 1015 1747 in
1036 1696 1100 1750 eos
1122 1698 1190 1750 coe·

137 1772 232 1846 lestis
242 1773 370 1867 judicis
384 1770 553 1848 severitas
569 1773 831 1867 vindicaverit,
851 1794 1040 1869 exponam.

639 1932 690 2008 ΙΙ.

212 2070 391 2145 Extremis
417 2072 638 2167 temporibus
661 2070 799 2145 Tiberii
819 2069 989 2165 Cessatis,
1022 2084 1064 2146 nt
1088 2072 1192 2169 scrip·

139 2186 216 2247 tum
236 2174 408 2269 legimus,
436 2172 612 2247 Dominus
635 2171 756 2245 noster
780 2168 876 2265 Jesus
903 2170 1059 2246 Christus
1088 2196 1107 2246 a
1131 2175 1191 2268 Jn·

139 2273 222 2347 deis
244 2274 422 2347 cruciatus
446 2272 518 2364 est,
544 2268 625 2363 post
646 2268 739 2345 diem
762 2272 936 2346 decimum
952 2270 1192 2350 Kalendarum

140 2371 344 2467 Aprilium,
371 2372 511 2445 duobus
533 2368 693 2445 Geminis
712 2370 944 2445 Consulibus:
979 2390 1057 2444 curn
1081 2372 1192 2446 resur-

138 2470 282 2555 rexillet
297 2472 354 2544 die
369 2473 501 2562 tertio,
528 2470 766 2566 congregavit
780 2468 990 2563 discipulos,
1014 2492 1104 2561 quos
1121 2496 1194 2547 me·

139 2584 197 2643 tus
218 2571 543 2659 comprehensionis
565 2571 640 2660 ejus
663 2570 700 2640 in
719 2568 836 2663 sugam
858 2582 1041 2655 verteram
1068 2570 1194 2643 &die-

139 2672 206 2742 bus
224 2668 450 2762 quadraginta
468 2688 549 2739 cum
563 2667 617 2740 his
633 2682 898 2759 commoratus,
925 2669 1063 2761 aperuit
1082 2670 1194 2742 ¹corda

143 2788 293 2860 eorum,
319 2763 573 2857 &Scripturas
600 2766 856 2857 interpretatus
884 2764 955 2857 est,
981 2785 1057 2855 quae
1081 2789 1193 2856 usquc

143 2868 188 2940 ad
210 2866 244 2938 id
266 2880 404 2959 tempus
429 2861 588 2937 obscure
607 2877 713 2955 atque
734 2864 900 2936 involuta
918 2862 1072 2942 fuerunt.
1125 2865 1194 2939 Or·

144 2968 351 3057 dinavitque
365 2986 449 3047 eos,
465 2962 733 3037 &instruxitad
746 2964 1034 3058 predicationem
1049 2965 1195 3062 dogma·

142 3068 190 3139 tis
215 3088 254 3138 ae
273 3064 441 3137 dodrinae
459 3062 548 3155 iuae,
580 3059 769 3156 disponens
789 3060 1009 3137 Testamenti
1029 3069 1120 3181 novi
1140 3064 1194 3139 so·

143 3167 296 3239 lemnem
318 3162 543 3256 disciplinam.
597 3164 684 3262 Quo
707 3160 830 3259 officio
850 3164 1013 3257 repleto,
1047 3184 1196 3239 circum·

145 3266 269 3339 voluit
284 3285 364 3338 eum
383 3263 543 3355 procella
562 3262 687 3349 nubis,
715 3259 976 3345 &hiberniium
998 3265 1111 3335 oculis
1129 3265 1194 3337 ho·

144 3366 278 3442 minum
292 3365 410 3455 rapuit
424 3363 460 3435 in
475 3363 611 3434 coelum.
662 3355 712 3430 Et
725 3360 808 3433 inde
824 3360 1005 3456 discipuli,
1032 3365 1089 3454 qui
1107 3375 1195 3435 tunc

145 3476 248 3538 erant
266 3462 452 3552 undecim,
478 3458 665 3551 adsumptis
682 3461 720 3531 in
741 3461 862 3533 locum
879 3459 978 3554 Judae
997 3464 1196 3554 proditoris

144 3564 300 3637 Matthia
311 3561 486 3649 &Paulo,
504 3557 642 3652 disperh
657 3557 738 3631 sunt
750 3578 814 3653 per
828 3580 972 3634 omnem
988 3574 1136 3652 terram,
1150 3560 1195 3633 nd

145 3658 380 3756 Evangelium
395 3659 679 3753 praedicandum,
706 3657 794 3731 sieut
808 3659 876 3731 illis
895 3658 1055 3753 magister
1070 3659 1197 3733 Domi·

146 3780 215 3835 nus
232 3761 497 3854 imperaverate'
525 3757 558 3829 dr
580 3778 644 3852 per
665 3776 777 3831 annos
794 3780 881 3832 xxv.
904 3777 1015 3848 usque
1040 3758 1082 3832 ad
1102 3759 1198 3854 prin·

146 3859 282 3950 cipium
296 3856 493 3932 Neroniani
513 3858 674 3948 imperii,
710 3876 773 3949 per
791 3877 914 3931 omnes
934 3858 1140 3949 provincias
1163 3858 1197 3931 dt

147 3959 316 4030 ciuitates
341 3954 504 4032 Ecclehae
535 3956 766 4033 fundamenta
795 3951 974 4029 miserunt.
1035 3956 1229 4046 Cumque·

141 4061 218 4157 jam
231 4056 334 4134 Nero
348 4056 557 4156 imperaret,
573 4055 699 4132 Petrus
715 4052 869 4133 Romam
884 4055 1051 4151 advenit;
1079 4056 1113 4130 dr
1127 4056 1199 4130 edi·

663 4152 756 4248 ΜΞ
975 4196 981 4205 ·
1079 4151 1249 4283 ,Ἡ
