2775 4792
227 444 302 519 asa
475 392 921 513 sennam.

327 580 477 684 Colligit
491 584 576 662 hine
593 586 717 661 succos
732 584 767 661 ir
783 584 940 680 odores,
965 581 1080 661 divite
1093 583 1182 663 lilia

253 692 302 769 80
376 691 483 790 Quos
502 688 536 761 le
562 688 589 761 't
610 685 791 780 Astyrici,
817 704 910 779 quoa
928 687 1120 779 opulentus
1138 684 1282 778 Arabia

328 790 436 886 Quor
451 794 519 861 'aut
561 806 696 884 ygmea
710 799 860 961 gentes,
886 799 947 859 aut
964 784 1064 859 India
1077 789 1209 883 carpit,

341 974 344 981 Ι
377 886 568 961 ΑυιωοΙΙί
582 906 714 985 genera
746 900 841 961 terra
856 882 1075 962 Sabaasrnn.

230 984 232 990 ’
261 1072 264 1079 ,
305 984 498 1063 'cinnama
530 986 575 1062 de
599 986 714 1080 hinc,
747 1005 938 1077 auramque
956 986 1094 1101 procul
1117 982 1281 1083 spirantia

186 1106 191 1131 ‘-
836 1105 968 1159 amomr

294 1240 312 1287 ,·
380 1182 637 1301 Congeritn&
654 1181 759 1261 millo
775 1180 926 1259 balsama
943 1205 1024 1259 cum
1040 1184 1146 1265 folio.

253 1295 298 1378 ὃς
323 1284 414 1364 Non
434 1284 529 1359 casrae
548 1287 643 1361 mrtis
655 1310 673 1378 ‚¹
692 1305 763 1381 nec
782 1284 914 1358 olentia
931 1285 1052 1361 vimen
1071 1284 1232 1383 acanthi,

262 1444 265 1451 .
349 1420 352 1429 ·
377 1384 462 1459 Nec
475 1385 813 1479 thuriolachrymae,
828 1396 1000 1479 guttaque
1015 1388 1154 1483 pinguia
1171 1380 1279 1465 abest.

127 1545 131 1553 .
220 1486 222 1491 '
321 1484 508 1562 His-addit
521 1498 661 1562 teneras
677 1484 777 1558 nardi
796 1484 962 1578 pubentis
978 1484 1113 1579 aristas,

375 1576 425 1657 Et
439 1582 553 1659 sociat
570 1584 724 1678 myrrha
739 1579 866 1678 pascua
880 1595 980 1680 grata
993 1585 1109 1663 nimis.
1138 1596 1144 1603 '

322 1674 492 1761 Protinus
502 1684 549 1757 in
563 1680 675 1758 strato
689 1703 823 1777 ¹corpus
839 1684 1008 1757 mutabile
1024 1684 1128 1777 nido,

251 1807 299 1884 90
324 1834 331 1880 .·
344 1832 361 1847 „—
374 1783 417 1857 In
432 1784 565 1879 talique
582 1782 695 1857 thoro
712 1783 871 1857 membra
887 1783 1007 1875 quiete
1020 1786 1133 1858 locat.

148 1908 151 1917 ·
321 1882 400 1982 Ore
412 1881 544 1957 dehinc
561 1882 687 1957 succos
705 1883 871 1957 membris
886 1885 1091 1976 circumque
1108 1881 1278 1982 supraque

133 2066 137 2081 ⁸
251 2016 314 2089 „st
364 1982 516 2079 ¹Inicit,
547 1982 706 2074 exequiis
724 1984 947 2057 immoritnra
965 1981 1043 2056 suis.
1108 2064 1113 2075 ,
1243 2051 1247 2059 .

321 2076 361 2161 T
362 2103 433 2171 unc
444 2085 543 2161 inter
554 2084 678 2156 varios
694 2084 843 2157 animam
858 2082 1086 2161 commendat
1103 2081 1264 2175 odorem

295 2248 297 2253 .
333 2248 335 2253 .
373 2180 541 2275 Depofiti
553 2181 643 2255 tanti
661 2199 732 2254 nec
744 2182 847 2255 timet
865 2182 925 2255 illa
936 2178 1054 2259 fidem.
1154 2244 1165 2273 ἢ

149 2298 155 2315 ⁸
249 2278 296 2382 §5
322 2280 465 2356 Interea
485 2298 617 2372 corpus
637 2281 783 2376 genitali
797 2296 917 2357 morte
933 2294 1161 2375 peremptum

366 2376 537 2473 ,AEstuan
564 2376 786 2454 &flammam
803 2381 958 2473 parturit
972 2379 1045 2474 ipse
1059 2383 1182 2472 calor;

324 2478 576 2575 AEthereoque
594 2478 725 2579 procul
745 2477 789 2551 tle
805 2479 937 2552 lumine
958 2480 1119 2574 concipit
1129 2483 1266 2579 ignem:

374 2577 540 2676 Flagrat,
566 2577 600 2651 δι
619 2575 984 2663 ambustumlolvitur
1000 2581 1037 2652 in
1055 2580 1227 2660 cinerem.-

326 2681 431 2781 Quos
451 2677 605 2751 velutin
620 2674 962 2753 maffamcinereein
973 2695 1091 2753 morte
1107 2679 1257 2758 coaiior

214 2770 299 2854 ‘100
376 2776 554 2866 Conflat3.
579 2776 792 2851 &effeilum
811 2774 948 2851 seminis
963 2777 1069 2851 instar
1082 2779 1206 2858 habet

324 2876 421 2952 Hinc
439 2877 567 2951 animal
581 2877 732 2971 primum
749 2876 821 2952 srne
834 2878 999 2951 membris
1017 2877 1132 2951 fertur
1153 2880 1242 2957 oriri
1248 2905 1259 2957 a

243 3022 245 3027 -
369 2973 443 3071 „Sed
462 2974 577 3048 fertur
593 2978 706 3069 vermi
723 2973 854 3049 latiens
875 2974 945 3057 elle
961 2978 1076 3055 color.

322 3071 451 3173 Crevit
472 3074 508 3146 in
525 3070 729 3148 immensum
745 3071 863 3147 subito
882 3094 962 3149 cum
977 3089 1142 3171 tempore
1159 3094 1276 3177 certo,

374 3173 492 3265 Seque
507 3172 572 3244 ovi
587 3174 711 3246 teretis
733 3174 870 3269 colligit
885 3175 922 3247 in
941 3173 1110 3270 speciem:

225 3295 294 3366 105
321 3270 409 3349 Inde
427 3271 664 3364 reformatur,
676 3328 679 3332 .
691 3274 801 3364 qualis
817 3272 888 3348 fuit
907 3289 990 3348 ante
1008 3273 1142 3374 ligura3

373 3369 422 3469 Et
437 3369 585 3445 Phoenix
600 3372 714 3467 ruptis
730 3373 881 3468 pullulat
897 3375 1047 3452 exuviis.

223 3488 226 3497 ’
321 3469 379 3546 Ac
397 3472 499 3545 velut
514 3470 687 3567 agrestes,
715 3492 795 3544 cum
813 3466 878 3544 filo
898 3474 940 3546 ad
957 3474 1036 3548 saxa
1054 3487 1240 3575 tenentur,

262 3636 264 3641 .
374 3568 520 3644 Mutare
535 3573 639 3645 tineae
655 3572 837 3665 papilione
856 3568 981 3646 solent.

244 3668 253 3677 ”
295 3684 298 3691 “
321 3670 412 3745 Non
430 3670 480 3742 illi
498 3671 596 3743 cibus
613 3669 664 3745 est
677 3667 803 3743 nostro
823 3670 1005 3745 concellus
1019 3672 1057 3746 in
1072 3675 1186 3767 orbe3

226 3791 297 3847 110
369 3769 452 3844 Nec
468 3769 629 3860 cuiquam
645 3770 849 3863 implumem
865 3770 1006 3863 pascere
1023 3792 1108 3847 cura
1123 3772 1252 3854 subest.

323 3868 533 3942 Ambrosios
548 3870 635 3941 libat
649 3866 779 3941 coelesti
793 3868 935 3943 nectare
951 3891 1068 3965 rores,
1157 3944 1170 3963 ,,

337 4056 341 4061 ι
372 3966 554 4043 Stellifero
576 3981 702 4057 tenues
722 3968 781 4061 qui
795 3968 958 4042 cecidere
973 3974 1074 4066 polo

161 4154 163 4161 ,
317 4064 400 4146 Hos¹
416 4068 526 4169 legin
549 4067 603 4143 his
621 4068 725 4153 alitur
740 4069 862 4148 mediis
879 4069 1214 4245 inodoribubales,

457 4192 459 4196 ·
687 4212 693 4227 ·
1070 4246 1075 4253 ,
1130 4194 1227 4251 onec
