2775 4792
144 515 148 522 Ι
299 353 1040 526 chrrnrnrmannatarum„
1108 367 1203 516 κι33

93 591 1199 654 affl

310 703 1034 878 'carutrurmum.

342 984 348 988 ,
391 909 445 978 De
450 905 612 1003 sapientia
625 903 793 981 savina&
806 906 958 978 humana.
1026 893 1029 898 ¹

142 1083 468 1322 Animadverti
491 1083 600 1179 saep'e,
633 1082 802 1176 Donate,
834 1085 1008 1179 plurimos
1030 1083 1066 1158 id
1085 1083 1202 1160 existi·

280 1203 397 1276 mare,
413 1185 509 1276 quod
524 1188 629 1258 etiam
641 1186 806 1258 nonnulli
821 1182 1118 1277 philosophorum
1134 1189 1199 1276 p'u·

200 1309 204 1317 ·
281 1285 472 1376 taverunt,
497 1279 572 1356 non
588 1282 687 1356 irasci
706 1283 846 1369 Deum3
873 1287 1040 1374 quoniam
1058 1285 1119 1356 vel
1136 1285 1198 1358 be·

140 1377 264 1477 melica
282 1381 325 1456 fit
343 1384 592 1457 tantummodo
614 1398 740 1454 natura
767 1382 912 1474 divina,
942 1405 1011 1458 nec
1032 1384 1197 1474 cuiquam

139 1500 311 1575 nocere,
346 1481 622 1588 praestantissimae
642 1489 750 1572 atque
770 1481 914 1573 optimae
935 1497 1109 1577 congruat
1130 1503 1197 1574 po-

141 1576 284 1667 testati,
311 1582 370 1654 vel
386 1594 483 1654 certe
503 1582 553 1653 nil
571 1593 674 1653 curet
689 1581 858 1670 omnino,
883 1593 925 1653 ut
941 1601 1070 1672 neque
1075 1602 1120 1653 ex
1134 1582 1196 1652 be·

100 1724 102 1728 -
139 1675 384 1752 neficentra
352 1701 426 1772 ejus
443 1679 632 1773 quidquam
650 1680 738 1752 bom
752 1682 940 1772 pervemat
959 1680 1001 1752 ad
1018 1699 1108 1770 nos
1133 1699 1196 1752 ne·
1273 1681 1277 1694 '

141 1797 215 1866 que
229 1800 274 1850 ex
279 1775 525 1853 maleficentia
543 1778 731 1870 quidquam
748 1779 841 1851 mali.
892 1781 1058 1875 Quorum
1077 1797 1194 1871 error,

119 1907 121 1912 ·
141 1875 225 1965 quia
244 1879 415 1951 maximus
435 1877 513 1970 est,
548 1877 582 1948 &
602 1876 645 1948 ad
665 1878 902 1949 evertendum
925 1880 1011 1948 vitae
1033 1879 1195 1949 humanae

138 1971 270 2047 statum
291 1972 445 2068 spetlat,
472 1973 717 2070 coarguendus
742 1972 792 2046 est
817 1976 980 2065 anobis,
1005 1975 1103 2048 ne&
1122 1972 1195 2065 ipse

139 2072 293 2164 fallaris,
319 2071 484 2166 impulsus
503 2072 696 2146 autoritate
709 2073 915 2167 hominum,
942 2073 1049 2165 quise
1065 2087 1195 2163 putant

94 2217 96 2222 -
140 2168 212 2244 elle
236 2171 421 2262 sapientes
479 2171 562 2244 Nec
583 2185 701 2246 tamen
719 2191 788 2245 nos
813 2186 884 2246 tam
909 2188 1116 2288 arrogantes
1140 2168 1195 2243 su·
1229 2189 1232 2194 ·

138 2289 239 2362 mus,
256 2282 298 2343 ut
311 2269 602 2363 comprehensam
612 2269 764 2344 nostro
753 2273 897 2374 ingenio
910 2274 1100 2344 veritatem
1115 2263 1194 2366 glo-

108 2370 290 2442 ιιειιιιιι.
314 2369 373 2443 sed
394 2367 588 2443 dominam
603 2369 671 2442 Dei
691 2367 888 2464 sequimur,
916 2370 1077 2461 quiscire
1096 2369 1193 2443 solus

139 2457 283 2560 p'otest,
318 2466 355 2540 tr
371 2471 534 2542 revelare
553 2467 699 2543 secreta
751 2468 860 2562 Cujus
887 2468 1055 2541 doetrinae
1076 2470 1193 2561 philo-

140 2567 243 2657 sophi
264 2581 428 2658 expertes
450 2567 768 2658 existimaverunt,
793 2581 954 2640 naturam
969 2587 1087 2640 rerum
1105 2587 1193 2637 con·
1203 2585 1207 2590 ·

135 2663 273 2758 jetlura
289 2664 387 2758 polle
403 2665 630 2758 deprehendi.
666 2619 780 2762 Quo⁹d
797 2687 1017 2756 nequaquam
1033 2661 1111 2738 fieri
1126 2685 1194 2756 po·

139 2762 226 2842 test,
253 2763 335 2853 quia
356 2773 456 2837 inens
476 2762 651 2855 hominis,
677 2763 871 2834 tenebroso
894 2765 1059 2854 corporis
1080 2763 1193 2834 domi·
1268 2801 1272 2810 ·

138 2862 224 2934 cilio
239 2860 489 2953 circumsepta,
512 2863 621 2956 longe
636 2864 746 2934 averi
759 2860 1003 2953 perspeurone
1018 2861 1192 2935 summota

137 2959 212 3045 est,
240 2961 361 3033 &hoc
374 2959 495 3033 differt
507 2962 550 3032 ab
563 2960 782 3033 humanitate
796 2961 986 3051 divinitas,
1012 2962 1110 3053 quod
1125 2962 1190 3034 hu-

139 3060 319 3135 manitatis
337 3059 388 3132 est
404 3060 605 3154 ignoratio,
632 3060 828 3133 divinitatis
846 3059 999 3133 scientia.

211 3157 319 3231 Unde
337 3159 441 3231 nobis
466 3160 585 3248 aliquo
606 3160 738 3231 lumine
762 3181 854 3251 optas
875 3158 926 3231 est
948 3160 991 3230 ad
1011 3159 1190 3274 depellen-

139 3256 200 3329 das
225 3258 415 3372 tenebras,
449 3259 575 3347 quibus
592 3255 714 3328 offusa
738 3257 789 3329 est
809 3258 964 3332 hominis
990 3260 1188 3351 cogitati03

138 3360 308 3445 quoniam
331 3358 368 3427 in
391 3373 510 3427 carne
518 3358 660 3436 mortali
683 3371 851 3449 agentes,
884 3354 1012 3428 nostris
1038 3356 1189 3429 sentibus

138 3455 301 3528 divinare
322 3474 399 3527 non
425 3450 615 3545 polsumus.
671 3452 810 3525 Lumen
834 3467 952 3528 autem
971 3439 1100 3528 mentis
1126 3452 1189 3520 hu-

136 3553 362 3628 man'aeDeus
386 3550 462 3644 est,
490 3569 593 3642 quem
614 3554 673 3642 qui
695 3556 933 3648 cognouerit,
961 3546 1188 3643 temperius

136 3651 326 3744 admiserit,
339 3653 538 3740 illuminato
553 3651 876 3748 corde-mysterium
890 3650 1051 3723 veritatis
1064 3668 1189 3739 agnos-

138 3761 219 3819 cet:
252 3762 394 3824 remoto
412 3763 531 3822 autem
547 3749 631 3821 Deo
650 3751 850 3841 coelestique
867 3748 1046 3835 dourina,
1069 3748 1189 3819 omnia

139 3848 324 3919 erroribu's
338 3852 443 3940 plena
457 3847 546 3921 sunt.
599 3848 779 3940 Retleque
794 3851 983 3936 Socrates,
1006 3864 1084 3916 cum
1101 3844 1188 3917 ellet

139 3948 300 4019 omnium
323 3947 616 4039 philosophorum
635 3948 869 4034 doutffimus,
896 3958 1014 4016 tamen
1030 3959 1069 4016 ut
1083 3959 1189 4015 caete-

137 4049 263 4152 rorum
278 4061 442 4143 argueret
460 4044 651 4139 inscitiam,
680 4050 739 4136 qui
757 4045 791 4118 se
813 4044 941 4135 aliquid
962 4055 1084 4114 tenere
1099 4040 1188 4111 arbi-

677 4144 746 4233 13
1002 4143 1156 4216 trauan
