2775 4792
201 434 271 507 228
301 420 523 500 Lucrum
540 429 718 540 meane
732 391 1160 515 Moameel’ensec‘uess

1299 503 1301 544 Ι

199 587 326 685 aliquid
344 614 364 657 a
380 587 480 664 nobr'r.
529 568 707 684 Atquebrue
725 585 853 681 insuper
866 575 903 657 t'n
917 547 1046 684 peb'fhna
1065 588 1260 687 Christiano·

201 713 273 760 rum
280 686 484 784 flatuendum
497 687 689 780 censuimus,
710 688 790 784 quad
797 688 828 784 st
845 683 1042 777 eaden'boee,
1064 693 1108 760 ad
1117 714 1188 786 qua
1202 705 1260 760 are·¹
1299 693 1301 730 ⁵

202 781 261 862 ted
269 791 384 872 venire
402 786 643 876 unlueuerant,
668 788 829 886 dequibus.
846 795 940 859 etiam
960 790 1042 861 datio
1061 790 1101 861 ab
1117 786 1260 877 officium

201 906 294 961 tuum
325 889 446 959 bitteris
480 901 578 957 certa.
595 888 732 958 antebac
759 886 868 980 forma
886 877 1002 980 fuerat
1024 889 1259 987 comprehensa,

199 994 307 1087 priore
320 996 452 1084 tempore
465 987 571 1083 aliqui
582 987 637 1062 vel
652 981 757 1078 elifio¹
772 987 901 1084 nqbrm
917 988 972 1057 ereb
986 989 1026 1059 ab
1040 989 1104 1060 abio
1117 1013 1259 1086 quocum·
1292 1057 1295 1064 .

200 1111 261 1188 que
277 1083 500 1181 uidentur'effi
520 1090 669 1174 merenti,
695 1088 797 1158 eedem
816 1085 1010 1184 Christianis
1020 1088 1093 1183 fine
1107 1094 1257 1185 pecunia,

200 1179 243 1266 ἅ
252 1183 316 1281 fine
332 1190 395 1258 uba
407 1190 509 1281 pretii
518 1191 698 1283 petitione,
716 1185 873 1284 poflpostta
885 1186 1192 1279 omnifrutbtatione
1208 1206 1257 1260 et·

199 1313 259 1386 que
279 1288 502 1379 ambiguitate,
532 1286 754 1384 rqbiiuontut.
804 1291 874 1380 Qui
895 1292 992 1358 etiam
1016 1289 1095 1359 dono
1113 1288 1258 1382 suerunt

199 1387 375 1477 consecuti,
408 1388 510 1461 eudem
529 1388 679 1480 finibiter
702 1386 823 1458 hisdem
847 1386 1043 1484 Cbreflianis
1066 1405 1257 1485 quantocyus

198 1488 355 1563 reddant:
384 1491 482 1558 etiam
496 1488 550 1557 neb
565 1487 603 1555 bi
619 1493 675 1585 qui
689 1503 854 1577 emerunt,
865 1544 867 1548 Α
878 1493 932 1556 oet
949 1492 1007 1585 qui
1027 1488 1106 1559 deno
1120 1487 1257 1578 [uerunt

197 1586 373 1677 consecuti,
395 1587 418 1674 fi
432 1592 610 1683 petiverint
624 1589 660 1657 de
671 1586 778 1683 nofira
794 1586 1009 1670 benevolentia
1025 1588 1171 1685 aliquid,
1206 1593 1255 1660 vi·

197 1693 320 1758 carium
333 1687 511 1785 postulent,
536 1710 596 1784 quo
609 1684 648 1761 U
664 1687 737 1782 ipfis
748 1706 808 1782 per
822 1685 956 1781 noflram
970 1688 1172 1759 clementiam
1187 1687 1255 1761 eefn·¹

191 1788 334 1879 [untur.
385 1789 467 1878 Qua
488 1790 592 1857 omnia
605 1769 734 1881 ‘corpori
758 1786 1009 1884 Cbrq‘te'anorum
1027 1796 1183 1883 protinus
1200 1811 1256 1887 pet

195 1882 443 1985 intercessionem
468 1903 581 1974 tuam,
611 1910 646 1958 oo
665 1886 735 1977 fine
760 1910 848 1957 mora
874 1889 962 1957 tradi
980 1888 1142 1983 oportebit.
1206 1891 1253 1961 Et

143 2001 146 2009 '
196 1989 454 2088 quoniamiidem
466 1986 843 2085 Cbriqbianinoneaboea
856 1988 1047 2078 tantum,ed
1059 2013 1129 2085 que
1144 2007 1265 2059 conoe·

197 2092 271 2164 nire
292 2088 551 2176 eonfireueruntt,
566 2087 616 2173 (ed
639 2087 706 2157 alie
718 2090 818 2157 etiam
838 2084 975 2178 uatuiffl
993 2083 1191 2181 noscuntur,
1218 2088 1257 2160 ab
1296 2107 1300 2126 ¹

192 2192 251 2283 jus
275 2192 409 2281 eorporis
433 2209 565 2276 eorum,
596 2187 630 2254 id
657 2187 698 2282 ess
710 2201 724 2269 ‚¹
759 2187 983 2282 Ecclessarum,
1005 2212 1071 2259 non
1092 2190 1257 2267 bominum

193 2286 406 2383 fingudorum,
427 2288 648 2381 pertinentia,
675 2290 919 2379 eeomne'eiege,
945 2312 1006 2385 qua
1014 2290 1165 2385 superius
1180 2313 1257 2362 eern-

191 2386 436 2484 prebendimus,
460 2389 542 2454 eitra
561 2384 655 2452 ubam
668 2388 797 2479 prorsus
816 2389 1049 2479 ambiguitatem
1063 2392 1118 2461 oet
1132 2407 1256 2461 centro-

196 2488 330 2581 verfiam
356 2488 476 2555 hisdem
499 2484 714 2583 Christianis,
740 2484 773 2554 id
795 2484 861 2581 efl,
884 2490 1003 2582 corpori
1026 2485 1065 2563 (5
1087 2496 1258 2607 equarum·-

197 2588 277 2659 cubis
295 2600 398 2658 eonem
425 2588 509 2657 reddi
523 2586 667 2680 jubebis,
695 2584 880 2682 suprodifba
900 2586 1020 2676 seilicet
1043 2604 1173 2663 rotrone
1189 2569 1257 2681 se'r'·

196 2704 298 2775 vota,
324 2703 363 2758 ut
384 2692 411 2755 ii
426 2693 481 2784 qui
495 2687 597 2757 eadem
610 2685 675 2777 fine
689 2690 811 2780 pretio,
828 2685 914 2784 ficut
928 2689 1086 2777 diximus,
1112 2690 1256 2789 restitue·

126 2845 128 2850 .
198 2795 293 2879 rint,
313 2789 553 2858 indemnitatem
567 2791 602 2855 de
618 2788 722 2881 nostra
737 2786 955 2857 benevolentia
960 2788 1098 2883 sperent.
1127 2794 1170 2863 In
1187 2794 1256 2889 qui·

197 2887 255 2956 bur
269 2892 408 2954 ommibus
415 2885 597 2980 fieprodibbo
611 2891 731 2980 corpori
742 2887 995 2982 Christianorum
1006 2888 1256 2980 intereeffionem

197 3001 288 3056 tuam
304 2982 543 3075 efficaciffimam
557 2985 701 3055 exhibere
716 2985 849 3073 debebis,
869 3002 908 3057 ut
918 3006 1100 3084 preceptum
1117 2991 1255 3088 nostrum

196 3101 387 3182 quantocyus
408 3086 611 3178 compleatur,
648 3108 706 3179 quo
722 3088 820 3155 etiem
840 3089 877 3155 in
900 3087 957 3156 boe
972 3107 1031 3183 per
1052 3092 1251 3176 elementiam

195 3184 333 3281 nostram
349 3188 451 3279 quieti
464 3184 591 3280 publicu
603 3184 793 3271 confidatur.
846 3183 1097 3279 Habbenusfiet,
1122 3192 1254 3289 utfteut

190 3288 335 3383 superius
350 3284 595 3379 comprehensum
610 3284 681 3379 efl‚.
694 3287 827 3358 diuinus
839 3290 939 3383 juxta
953 3312 1011 3359 nos
1023 3289 1145 3382 favor,
1160 3317 1253 3390 quent

159 3456 161 3459 ,
197 3394 236 3456 in
252 3388 356 3456 tantis
373 3384 483 3471 sumus
506 3385 595 3453 rebus
614 3389 756 3479 experti,
787 3405 843 3480 per
862 3411 950 3459 omne
969 3404 1091 3484 tempus
1110 3394 1254 3489 prospere

193 3482 371 3576 sueceffibus
395 3485 510 3581 nostris
532 3510 600 3553 cum
623 3486 814 3556 beatitudine
838 3486 941 3583 nestra
964 3491 1090 3583 publiea
1109 3495 1253 3586 perseue-

181 3603 257 3662 ¹ret.
310 3590 355 3656 Ut
367 3601 471 3653 autem
487 3586 587 3681 hujus
594 3582 773 3671 punitionis
788 3579 1008 3660 benevolentia
1023 3589 1134 3687 nostre
1141 3593 1254 3683 forne

195 3688 236 3755 ad
250 3692 387 3755 omnium
409 3682 499 3779 peffit
509 3689 679 3779 peruenire
695 3690 864 3771 notitiam,
886 3688 1011 3782 perlata
1024 3708 1254 3784 programmate

196 3800 250 3855 tue
270 3787 334 3854 hae
348 3786 529 3880 scripta&
549 3784 656 3881 ubique
671 3804 861 3880 proponere,
887 3788 926 3862 θ
942 3788 982 3857 ad
1000 3794 1138 3862 omnium
1151 3795 1255 3883 seien-

195 3889 276 3955 tiam
296 3899 327 3952 te
344 3886 486 3978 perferre
505 3889 693 3974 conveniet,
727 3901 764 3956 ut
784 3889 883 3984 bujue
902 3886 1123 3964 benevelentia
1142 3894 1255 3993 nostre

172 4038 182 4047 -
189 3980 313 4079 fienbbio
329 3984 427 4056 batere
442 4008 506 4057 non
517 3979 626 4083 peffit.

1127 4185 1203 4270 Hie
1247 4262 1251 4270 .
