2775 4792
92 307 105 434 l

93 439 96 546 ζ
206 451 208 455 ’
244 415 465 525 Lucanum
480 447 592 521 enai
607 463 660 520 ne
675 443 883 524 Mutamus
898 440 1105 522 Prasrcur.
1132 462 1205 554 223

93 663 99 690 ,
142 612 179 687 X
205 605 353 706 littera,
394 608 530 684 summo
566 605 684 704 capite
717 606 986 699 circumflexo,
1009 589 1208 684 'christum
1286 693 1288 698 ,

92 733 106 774 ι
143 715 183 787 in
205 710 310 794 scutis
330 723 449 787 notat.
502 708 590 805 Quo
607 707 706 805 signo
729 722 882 783 armatus
901 706 1083 781 exercitus
1104 710 1207 802 capit

93 817 106 866 ·'
143 814 288 908 ferrum.
344 807 519 883 Procedit
548 807 659 883 hostis
687 807 841 884 ‚obviam
871 807 942 881 sme
964 797 1207 903 Imperatore,
1303 881 1309 906 ι

92 925 102 990 l·
142 925 367 1007 pontemque
393 907 664 1002 transgreditur.
727 904 840 986 Acies
867 903 1091 1000 pari'sronte
1116 925 1207 981 con·
1232 979 1237 986 ,
1263 991 1269 1002 .

93 1013 112 1050 ⁵
141 1013 269 1087 curiit.
330 1008 474 1084 Summa
499 1010 537 1084 vi
560 1008 729 1098 utrinque
746 1003 937 1103 pugnatur.
975 1005 1127 1104 „Neque
1147 1008 1205 1083 bis

121 1112 226 1214 ‚fuga
246 1121 363 1204 nota,
388 1126 507 1201 neque
526 1108 606 1184 illis.
656 1105 717 1182 Fit
739 1108 776 1182 in
795 1107 885 1185 urbe
902 1106 1054 1199 seditio,
1080 1103 1206 1183 &dux

141 1209 403 1304 increpitatur,
429 1209 533 1281 velut
554 1205 716 1282 desertor
738 1205 855 1281 salutis
877 1208 1039 1302 public‘ae.
1078 1185 1232 1306 „Tum-s
1279 1289 1282 1302 ¹

93 1361 94 1366 .
142 1300 213 1406 que
228 1320 379 1406 repente
393 1308 574 1402 populus,
601 1304 786 1387 Circenses
803 1308 897 1384 enim
914 1306 1025 1404 natali
1041 1302 1106 1380 suo
1121 1306 1209 1397 ede·

139 1413 224 1505 bat,
241 1429 339 1482 voce
352 1406 562 1500 subclamat,
577 1403 852 1484 Constantinum
865 1407 962 1478 vinci
972 1427 1050 1488 non
1063 1403 1177 1500 polle.

218 1511 303 1609 Qua
325 1527 423 1581 voce
445 1505 695 1588 ¹consternatus
719 1505 876 1600 proripit
902 1504 956 1597 se,
990 1497 1032 1577 ic
1058 1503 1206 1582 vocatis

141 1607 353 1704 quibusdam
374 1606 596 1682 senatoribus
612 1649 629 1700 ,·
655 1605 770 1679 libros
790 1603 987 1697 Sibyllinos
1005 1599 1130 1702 inspici
1147 1607 1206 1700 ju·¹

93 1709 111 1720 “
139 1714 223 1803 bet,
249 1709 286 1782 in
303 1708 433 1801 quibus
450 1718 634 1799 repertum
656 1701 729 1799 est,
753 1706 818 1780 illo
837 1704 895 1781 die
912 1703 1052 1780 hostem
1067 1702 1206 1781 Roma·-¹

94 1871 101 1878 .
139 1830 272 1887 norum
287 1805 358 1882 else
373 1807 583 1900 periturum.
634 1806 723 1906 Quo
737 1803 907 1899 responso
925 1806 962 1878 in
977 1804 1072 1899 spem
1086 1804 1207 1896 visio-

121 1981 124 1994 ,
140 1911 202 1985 riae
218 1906 380 1980 induslus
396 1906 584 1998 procedit,
610 1902 647 1978 in
660 1908 777 1978 aciem
786 1907 900 1980 venit.
949 1902 1046 1980 Pons
1062 1918 1205 2004 atergo

139 2013 218 2104 ejus
234 2004 415 2080 scinditur.
464 2001 524 2076 Eo
538 2000 642 2096 viso,
661 2024 788 2100 pugne
806 2000 1000 2092 crudescit,
1027 2004 1063 2077 dr
1077 1991 1230 2088 manus?s

115 2103 213 2184 -Dei
233 2104 415 2198 supererat
435 2103 536 2180 aciei.
584 2101 840 2208 Maxentianus
856 2111 1116 2200 proterretur,l
1129 2107 1207 2203 ipse¹

95 2223 109 2240 ·
138 2211 179 2283 in
195 2208 315 2306 fugam
330 2203 451 2304 uersus
464 2217 637 2299 properat
650 2203 693 2278 ad
709 2216 879 2304 pontem,
906 2205 966 2298 qui
980 2206 1210 2303 interruptus

139 2323 239 2402 erat,
266 2326 308 2379 ac
328 2303 558 2388 multitudine
576 2301 790 2402 fugientium
805 2300 960 2399 pressus,
985 2305 1023 2380 in
1038 2303 1209 2388 Tiberim
1246 2301 1249 2306 Δ

139 2408 361 2485 deturbatur.
398 2400 576 2481 Confesio
590 2403 735 2478 tandem
752 2402 971 2481 acerbissimo
982 2403 1103 2501 bello,
1120 2430 1210 2487 cum

138 2529 267 2603 magna
291 2504 441 2578 Senatus
467 2504 665 2597 populique
691 2503 850 2592 Romani
873 2497 996 2577 laetitia
1010 2503 1207 2601 'susceptus

134 2608 340 2704 Imperator
352 2601 606 2700 Constantinus
616 2654 629 2694 ,
641 2600 831 2681 Maximini
846 2597 1030 2698 perfidiam
1045 2623 1206 2704 cognos-

116 2795 119 2804 ,
137 2711 209 2803 cit,
235 2708 373 2780 litteras
389 2700 647 2796 deprehendit,
667 2699 799 2776 statuas
815 2701 849 2776 &
863 2697 1034 2798 imagines
1048 2707 1233 2812 invertit.0

112 2813 114 2818 '
137 2809 291 2882 Senatus
309 2800 573 2898 Constantino,
597 2802 746 2874 virtutis
765 2801 900 2898 gratia,
927 2802 1031 2896 primi
1047 2806 1210 2890 nominis

137 2909 285 2982 titulum
305 2903 491 2995 decrevit,
517 2923 624 2993 quem
648 2898 951 2990 fibilrlaximinus
975 2901 1206 2996 vindicabatc
1282 2953 1287 2962 ,

92 3090 100 3102 ,
138 3009 185 3083 ad
206 3028 312 3104 quem
331 3001 485 3077 vitioria
506 3002 665 3080 liberatae
680 2999 791 3076 Urbis
811 3021 920 3093 quum
936 2999 1054 3078 suisset
1071 3008 1206 3103 adlata,

137 3129 216 3183 non
231 3105 332 3179 aliter
345 3104 507 3196 accepit,
527 3123 632 3194 quam
644 3100 670 3175 fi
681 3100 759 3195 'ipse
774 3101 890 3175 victus
903 3100 1001 3178 eilet.
1016 3187 1019 3196 ,
1040 3100 1205 3203 Cognito

140 3206 270 3281 deinde
281 3203 432 3278 Senatus
444 3203 619 3295 decreto,
636 3200 684 3275 fic
700 3202 827 3276 exarfit
839 3202 990 3295 dolore,
1006 3207 1048 3276 ut
1056 3205 1210 3288 inimici·

100 3330 103 3334 ·
139 3308 207 3381 tias
226 3318 350 3401 aperte
368 3298 626 3404 profiteretur,
651 3302 820 3374 convicia
833 3304 927 3400 jocis
948 3304 1060 3380 mixta
1076 3304 1205 3394 adven

138 3407 195 3481 sus
209 3406 466 3503 Imperatorem
478 3399 669 3475 maximum
683 3400 830 3477 diceret.
1060 3419 1068 3434 ·

597 3559 735 3636 XLV.

217 3698 495 3794 Constantinus,
519 3700 628 3774 rebus
644 3700 682 3775 in
694 3699 798 3775 Urbe
814 3702 1043 3796 compositis,
1068 3701 1205 3795 hyeme

138 3801 307 3902 proxima
332 3802 581 3876 Mediolanum
608 3802 810 3879 contendit.
873 3800 1013 3878 Eodem
1040 3800 1202 3888 Licinius

140 3903 312 3997 advenit,
344 3918 386 3974 ut
403 3905 584 3996 acciperet
602 3905 770 3976 uxorem.
818 3898 1034 3978 Maximinus
1055 3904 1118 3977 ubi
1137 3921 1204 3978 eos

92 4045 96 4052 ·
140 4002 321 4079 intellexit
345 4004 549 4094 nuptiarum
565 3997 771 4075 solennibus
801 4017 1029 4096 occupatos,
1066 4001 1204 4093 enerci-

139 4116 220 4196 tum
239 4102 361 4201 morit
383 4122 404 4178 e
426 4097 549 4198 Syria,
573 4099 705 4195 hyeme
732 4118 840 4198 quam
865 4119 954 4183 cum
968 4103 1134 4209 manime
1151 4098 1222 4167 aaz
1251 4166 1291 4234 λ

147 4243 149 4248 -
1076 4211 1195 4269 *areu-
1266 4222 1270 4227 ⁸
