2775 4792
202 437 273 514 '22'2
299 431 523 510 Lucanum
539 431 650 508 urana
668 451 720 506 na
736 429 941 509 Monrmns
955 403 1165 515 Pensacu'r.

201 595 376 674 lesionem
391 591 559 670 adversus
569 591 769 690 Licinium,
789 595 872 689 qnia
889 598 1053 690 prelatus
1069 599 1103 672 ei
1116 589 1270 674 aMaxi·

201 699 323 776 miano
344 695 483 806 suerat,
509 697 596 769 licet
614 714 731 792 nuper
754 695 835 770 cum
855 717 903 771 eo
921 701 1107 774 amicitiam
1132 696 1269 772 confir*

201 796 359 889 maliet,
383 809 502 871 tamen
527 810 569 868 ut
592 795 732 874 audivit
747 793 976 871 Constantini
991 795 1152 875 sororem
1171 797 1276 872 Lici.

201 901 267 974 nio
284 895 353 972 eise
369 893 595 990 desponsam,
618 894 833 972 existimavit
847 894 1052 973 affinitatem
1063 899 1159 973 illam
1178 900 1267 996 duo·

150 999 154 1013 “
201 1018 283 1072 rum
302 997 564 1092 Imperatorum
587 1008 717 1069 contra
736 993 771 1069 se
794 999 966 1088 copulari.
1019 995 1068 1070 Et
1083 995 1156 1091 ipse
1174 1000 1267 1096 lega

202 1113 265 1171 tos
284 1098 326 1169 ad
342 1094 478 1169 Urbem
496 1093 586 1170 misit
603 1097 771 1190 occulte,
785 1094 1007 1172 ,societatem
1018 1097 1197 1172 Maxentii
1215 1115 1265 1172 at·

166 1255 169 1268 .
204 1219 275 1292 qne
291 1197 477 1270 amicitiam
493 1193 722 1288 postulatum.
764 1191 896 1266 Scribit
914 1198 1020 1267 etiam
1033 1196 1264 1280 familiariter.

203 1296 443 1387 Recipiuntur
465 1295 574 1392 legati
593 1293 772 1392 benigne,
802 1290 845 1366 fit
866 1294 1043 1388 amicitia,
1077 1296 1269 1390 utriusque

175 1453 177 1458 ,
202 1396 372 1491 imagines
391 1394 491 1470 simul
512 1398 690 1470 locantur.
752 1391 961 1478 Maxentius
982 1412 1153 1487 tanquam
1176 1398 1266 1472 divi·

202 1516 290 1571 num
313 1495 482 1596 auxilium
508 1496 662 1570 libenter
686 1489 918 1590 ampleslitur.
971 1496 1049 1591 Jam
1074 1497 1172 1572 enim
1194 1499 1266 1572 bel·-

202 1597 278 1672 lum
290 1591 528 1668 Constantino
542 1595 733 1686 indixerat,
744 1591 837 1687 quast
852 1614 978 1667 necem
994 1596 1105 1687 patris
1121 1593 1172 1669 sni
1187 1599 1263 1672 vin·

204 1695 398 1772 dicaturus.
449 1692 558 1766 Unde
571 1692 721 1786 suspicio
733 1694 927 1784 inciderat,
949 1693 1066 1769 senem
1078 1697 1182 1770 illum
1194 1711 1263 1772 tam

202 1796 424 1878 exitiabilem
442 1791 580 1867 finxisse
596 1790 807 1869 discordiam
826 1812 907 1866 cum
922 1789 1024 1887 filio,
1051 1809 1093 1866 ut
1111 1796 1155 1869 ad
1174 1797 1263 1870 alios

202 1889 439 1972 succidendos
455 1895 549 1967 viam
562 1892 624 1968 sabi
640 1893 798 1985 faceret,
825 1893 953 1984 quibus
969 1894 1136 1970 omnibus
1156 1893 1264 1970 subla

171 2049 176 2058 ·
204 1997 281 2079 tis,
312 1996 375 2069 sibi
404 2014 445 2067 ac
466 1991 543 2067 filio
567 1994 682 2065 totius
711 1995 808 2069 orbis
834 1995 1022 2086 imperium
1054 1994 1262 2073 vindicaret.

205 2096 277 2170 Sed
298 2096 335 2168 id
359 2094 481 2169 falsum
503 2092 584 2168 suit.
642 2094 739 2170 Nam
762 2093 799 2167 id
816 2092 992 2187 propositi
1012 2094 1194 2188 habebat,
1223 2107 1264 2169 ut

204 2198 243 2269 ἀ
262 2194 360 2285 filio,
388 2195 578 2265 &caeteris
601 2194 766 2270 extinstis
778 2233 795 2290 ,·
817 2191 853 2268 se
871 2214 912 2268 ac
926 2193 1198 2273 Diocletianum
1212 2216 1267 2271 re·

203 2294 421 2376 stitueretin
435 2309 597 2388 regnum.
666 2291 671 2301 '

650 2450 813 2533 xtrv.
851 2555 854 2562 Ι

277 2597 357 2695 Jam
379 2605 481 2669 mota
504 2594 599 2668 inter
623 2615 689 2672 eos
723 2594 866 2669 fuerant
898 2615 994 2670 arma
1028 2597 1159 2671 civilia·
1217 2595 1267 2671 Et

201 2699 371 2794 quamvis
394 2693 428 2770 se
452 2692 662 2769 Maxentius
682 2694 808 2792 Romae
827 2700 1063 2788 contineret,
1090 2698 1192 2790 quod
1212 2719 1266 2771 re·

205 2798 373 2895 sponsum
396 2808 610 2891 acceperat,
635 2797 835 2894 periturum
855 2795 945 2889 eise,
964 2798 1001 2870 ¹sr
1019 2812 1122 2870 extra
1142 2814 1266 2892 portas

205 2900 306 2971 urbis
323 2894 469 2983 exisset3
495 2910 614 2969 tamen
634 2898 768 2969 bellum
781 2917 846 2988 per
864 2895 1020 2970 idoneos
1037 2897 1148 2970 duces
1170 2919 1266 2998 gere·

206 2998 325 3071 batur.
377 2994 460 3067 Plus
486 2994 616 3071 virium
631 2995 826 3068 Maxentio
850 3011 947 3088 erat,
981 2996 1079 3089 quod
1103 2996 1265 3092 &patris

204 3096 258 3173 sui
278 3095 476 3170 exercitum
489 3110 675 3188 receperat
691 3116 712 3166 a
727 3092 888 3189 Severo,
909 3095 943 3167 dc
963 3094 1060 3170 sunm
1079 3099 1266 3193 proprium

204 3199 256 3274 de
276 3193 413 3270 Mauris
438 3205 546 3285 atque
565 3193 664 3267 italis
691 3216 807 3290 nuper
832 3208 1049 3271 extraxerat.
1108 3197 1266 3272 Dimica-

205 3312 309 3390 tum,
335 3295 371 3367 ἃ
386 3291 611 3367 Maxentiani
628 3295 758 3368 milites
773 3296 1037 3391 prevalebunt3
1066 3296 1188 3371 donec
1202 3319 1266 3393 po·

206 3398 281 3475 slea
295 3389 511 3470 confirmato
530 3394 649 3469 animo
667 3394 942 3486 Constantinus,
969 3396 1060 3477 dcad
1073 3409 1264 3489 utrumque

205 3509 374 3594 paratus,
401 3496 524 3589 copias
548 3515 672 3569 omnes
697 3494 739 3568 ad
759 3493 899 3569 Urbem
919 3498 1069 3589 propius
1086 3495 1263 3588 admovit,

207 3598 244 3669 dr
258 3620 279 3671 e
294 3596 444 3691 regione
461 3593 586 3670 Pontis
601 3593 708 3667 Mulli
724 3593 898 3671 consedit.
947 3596 1163 3669 Imminebat
1180 3599 1263 3682 dies,

208 3715 284 3786 quo
299 3695 508 3769 Maxentius
522 3692 715 3789 Imperium
732 3708 897 3788 ceperat,
926 3695 984 3786 qui
1003 3692 1053 3767 est
1070 3696 1113 3767 ad
1130 3693 1264 3778 sextum
1283 3757 1287 3768 .

113 3851 115 3856 -
200 3791 385 3871 Kalendas
404 3792 648 3883 Novembris3
680 3794 1006 3888 &quinquennalia
1027 3798 1265 3871 terminaban-

207 3909 280 3968 tur.
341 3893 592 3970 Commonitus
621 3892 671 3966 est
698 3891 736 3968 in
757 3895 882 3994 ,quiete
910 3894 1194 3990 Constantinus,
1226 3911 1264 3968 ut

208 3988 350 4067 coeleste
370 3994 502 4090 signnm
520 3993 592 4074 Dei
610 4006 758 4068 notaret
775 3998 812 4067 in
833 3994 964 4078 scutis,
989 4010 1095 4087 atque
1114 4000 1166 4068 ita
1180 4018 1264 4090 prae·

187 4087 565 4193 ,llum'com'mjtteret
583 4117 587 4125 ·
613 4092 717 4172 Fecit
734 4107 776 4172 ut
794 4092 902 4189 iussus
920 4095 990 4181 est,
1015 4093 1266 4173 &transversa

760 4212 762 4216 ·
923 4235 926 4240 -
1112 4196 1220 4267 Klit-
