2775 4792
177 411 269 524 ‘168
344 402 611 482 Lucanum
642 427 784 484 utana
816 393 979 514 nnius
1003 383 1107 485 Dat.
1140 397 1173 448 Ψ
1282 488 1288 493 ,

202 589 285 643 men
302 567 513 660 irrequietus
529 569 697 663 agitatur:
719 567 888 664 imagines
905 567 987 661 libi,
1014 591 1099 660 quas
1116 567 1267 666 cainan·

204 664 363 764 effingit,
389 681 431 739 ut
448 670 649 742 naturalem
675 664 772 742 suum
794 682 932 742 motum
955 677 1120 740 exerceat
1141 669 1259 742 vatie-

204 777 280 838 tate
296 765 475 854 visorum3
503 781 706 857 avocatque
719 765 754 840 se
773 765 913 847 einins,
935 766 1019 842 'dum
1034 769 1191 862 membra
1205 765 1255 840 sa·

185 909 187 914 .
205 875 383 955 tutentur,
400 886 442 936 ae
455 866 617 960 vigorem
637 865 777 957 capiant
793 866 837 939 de
852 866 986 956 quiete·
1018 865 1126 964 Quies
1144 864 1256 961 igitur

131 1005 133 1010 ·
205 962 415 1056 sempiterna
436 961 542 1035 solius
564 967 690 1039 mortis
713 963 772 1038 est.
822 963 860 1035 Si
881 961 1000 1037 autem
1023 985 1118 1036 mors
1135 964 1257 1040 Deum
1298 1031 1300 1038 .

205 1081 280 1138 non
298 1062 459 1157 attingit,
486 1063 586 1138 Deus
602 1064 708 1158 igitur
720 1067 899 1153 nunquam
916 1065 1056 1152 quietus
1072 1061 1132 1136 esta
1159 1143 1162 1148 ,
1182 1062 1256 1152 Dei

205 1183 298 1235 vero
316 1160 406 1258 attio
423 1183 500 1252 quae
513 1162 631 1254 potest
646 1159 735 1251 eise,
761 1162 822 1237 nifi
837 1163 957 1256 mundi
976 1159 1256 1235 administratio?

205 1259 242 1334 Si
261 1281 350 1331 vero
375 1261 496 1332 mundi
522 1265 640 1333 curant¹
669 1263 781 1355 gerit,
816 1275 917 1333 curat
934 1257 1052 1356 igitur
1070 1260 1256 1334 hominum

205 1360 317 1430 vitam
333 1359 454 1452 Deus,
481 1381 521 1431 ac
536 1360 752 1456 singulorum
767 1355 862 1436 atius
877 1347 1148 1448 animaduertit,
1176 1370 1257 1437 eo's·

206 1477 275 1548 que
298 1454 468 1554 sapientes
490 1480 531 1531 ac
550 1462 671 1533 bonos
694 1456 764 1532 effe
784 1458 965 1532 deiiderat.
1013 1455 1258 1558 Haecfl'estguo·

204 1557 321 1654 luntas
344 1555 429 1644 Dei,
456 1559 531 1630 haee
548 1559 669 1632 divina
687 1558 770 1645 iex3
797 1579 900 1648 quam
919 1557 978 1647 qui
994 1554 1169 1648 sequitur,
1195 1556 1256 1648 qui

154 1713 157 1718 .
206 1653 393 1747 observat,
420 1655 502 1728 Deo
522 1678 623 1729 carus
643 1656 704 1730 est.
753 1655 906 1730 Neceiie
927 1652 978 1728 est
994 1655 1121 1749 igitur,
1147 1657 1255 1729 utica

161 1757 163 1762 '
204 1769 397 1828 moveatur
409 1753 575 1828 adversus
590 1777 692 1847 eunt,
719 1757 778 1846 qui
795 1755 888 1827 hanc
901 1769 1066 1826 aeternam
1082 1754 1256 1830 divinam·

128 1899 130 1904 -
206 1873 276 1944 que
298 1855 434 1949 legem,
467 1855 768 1945 autviolaverit,
802 1867 863 1944 aut
884 1851 1069 1946 spreverit„
1127 1853 1257 1926 Sino·

207 1965 295 2053 cet,
313 1953 446 2044 inquit,
472 1954 574 2026 alicui
590 1953 712 2046 Deus,
733 1955 804 2046 jam
823 1954 941 2025 bonus
959 1972 1036 2024 non
1054 1949 1115 2027 est.
1164 1951 1256 2027 Non

176 2117 179 2128 .
206 2055 337 2147 exiguo
353 2052 523 2124 falluntur
536 2053 678 2142 errore,
692 2053 757 2144 ¹qui
769 2050 948 2136 censuram
965 2052 1038 2124 sive
1053 2051 1255 2145 humanam,

204 2147 469 2242 five'divinatn,
494 2154 695 2224 acerbitatis
711 2153 744 2224 δι
758 2153 898 2225 maiitiae
911 2150 1057 2223 nomine
1071 2147 1257 2243 infamant,

204 2259 371 2340 putantes
391 2261 586 2321 nocentem
603 2249 672 2321 dici
688 2264 888 2342 oportere,
915 2251 975 2341 qui
991 2263 1168 2321 nocentes
1187 2247 1257 2322 atu

206 2346 256 2416 cit
273 2367 387 2437 poena.
438 2347 550 2444 Quod
571 2348 595 2421 fi
615 2348 689 2439 est,
715 2361 891 2421 nocentes
903 2348 1015 2442 igitur
1033 2350 1128 2442 leges
1151 2349 1258 2421 habe-

205 2463 305 2533 mus,
332 2466 408 2536 quae
430 2448 661 2539 peccantibus
685 2446 850 2538 supplicia
860 2437 1087 2532 ‘sanxerunt3
1121 2468 1258 2522 noten-

206 2556 261 2616 tes
280 2544 441 2635 judices,
469 2548 527 2636 qui
545 2544 674 2618 sceiere
696 2545 887 2618 convictos
908 2567 1011 2637 poena
1036 2546 1160 2637 capitis
1187 2544 1258 2619 affi-

205 2644 318 2716 ciunt.
370 2644 526 2741 Quod-st
548 2643 581 2718 δι
602 2646 660 2717 lex
674 2645 765 2738 justa
781 2645 853 2737 est,
880 2667 955 2736 quae
976 2645 1175 2716 &nocenti
1196 2646 1257 2717 tri·

205 2743 306 2833 buit,
333 2744 430 2833 quod
447 2757 624 2836 merctur,
651 2743 811 2837 &judex
826 2747 962 2838 integer
980 2767 1021 2816 ac
1037 2746 1155 2816 bonus
1173 2745 1258 2817 dici·

205 2850 287 2930 tur,
309 2862 389 2914 cum
402 2846 494 2918 maie
508 2843 597 2917 faita
613 2835 773 2916 vindicat
788 2840 989 2937 (bonorum
1003 2844 1095 2915 enim
1111 2843 1257 2920 salutem

203 2936 385 3017 custodit,
410 2943 470 3029 qui
487 2943 599 3021 malos
618 2941 743 3039 punit)
760 2960 847 3035 ergo
867 2941 900 3014 δι
916 2941 1034 3034 Deus,
1060 2962 1139 3014 cum
1157 2947 1258 3018 malis

206 3034 329 3124 obest,
356 3049 492 3110 nocens
513 3059 588 3111 non
609 3037 680 3125 est,
705 3038 779 3135 ipse
799 3052 917 3138 autem
942 3040 992 3112 est
1008 3062 1169 3136 nocens,
1197 3045 1260 3135 qui

120 3152 130 3168 ⁸
164 3201 167 3206 ,
206 3146 268 3205 aut
284 3134 468 3210 innocenti
483 3152 614 3221 nocet,
641 3140 868 3212 aut'nocenti
887 3139 1021 3234 parcit,
1042 3155 1084 3211 ut
1096 3143 1258 3234 pluribus

205 3245 349 3307 noceat.
501 3293 511 3302 .
1065 3273 1069 3279 -
1168 3291 1175 3298 .

159 3345 163 3352 ·
276 3332 383 3428 Libet
406 3352 563 3423 quarere
588 3335 631 3407 ab
653 3334 807 3426 ,iis‚=qui
830 3333 950 3410 Deum
976 3335 1111 3410 iaciunt
1133 3339 1261 3414 immo·

207 3430 336 3525 bilem,
363 3432 481 3523 fiquis
500 3433 627 3518 habeat
649 3454 748 3525 rem,
779 3434 949 3528 domum,
976 3434 1166 3530 familiam,
1192 3441 1260 3510 ser-

154 3543 156 3548 ·
205 3531 317 3621 vique
335 3533 408 3624 ejus
426 3544 700 3606 contemnentes
717 3532 923 3626 patientiam
941 3534 1110 3626 Domini,
1138 3539 1261 3612 omnia

206 3628 421 3721 invaserint,
443 3630 505 3721 ipit
519 3631 624 3720 bonis
638 3633 713 3725 ejus
726 3630 908 3725 fruantur,
933 3631 1026 3723 ipsos
1041 3632 1171 3706 famiiia
1183 3638 1259 3727 ejus

130 3765 133 3772 ·
207 3725 391 3819 honoret,
417 3727 595 3802 Dominus
613 3743 731 3802 autent
750 3743 1000 3806 contemnatur
1017 3734 1059 3805 ab
1076 3736 1260 3827 omnibus,

208 3822 433 3917 derideatur,
459 3829 697 3919 relinquatur:
722 3839 888 3902 utrumne
905 3828 1038 3921 sapiens
1059 3831 1127 3905 effe
1141 3833 1260 3928 possit,

209 3921 269 4010 qui
286 3927 520 3996 contumelias
533 3947 607 4000 non
622 3924 803 4018 vindicet,
828 3924 967 4018 suisque
980 3931 1087 4004 rebus
1102 3954 1166 4004 eos
1182 3953 1261 4024 per·

209 4019 280 4098 itui
293 4020 468 4124 patiatur,
493 4024 530 4101 in
545 4045 634 4121 quos
648 4023 1029 4136 habeatpotesta'temi
1056 4033 1264 4132 Quaetanta

719 4161 834 4258 ,a
1169 4132 1208 4232 ³¹³
