2775 4792
193 414 268 505 104
297 393 562 497 Lucerum
585 412 805 491 nurnine
825 379 1051 487 ¹Oururcru
1075 390 1180 485 Dat.

175 559 375 659 xpraecipue
405 556 673 649 inexplicabilis·
690 554 741 631 est
770 576 812 629 ac
835 555 931 647 mira¹
946 552 1120 630 subtilitas
1132 609 1155 650 „
1173 554 1264 649 quie:

196 679 324 737 eorum
350 657 457 731 orbes
484 675 701 753 gemmarum
724 654 985 731 similitudinem
1010 656 1256 751 praeferentes,

192 762 242 835 ¹ab
270 780 311 832 ea
334 772 435 849 parte
457 776 526 847 qua
546 756 741 830 videndum
768 755 867 849 fuit,
888 756 1114 846 ,membranis
1138 757 1260 849 perlu-

196 860 362 935 centibus
383 859 495 947 cent,
528 867 571 927 nt
589 856 757 951 imagines
777 874 896 931 rerum
916 869 1044 929 contra
1062 855 1259 948 posterum

197 973 366 1051 tanquam
389 953 591 1049 inspeculo
606 954 854 1053 refulgentes,
873 954 928 1045 ¹ad·
943 952 1078 1031 sensum
1093 954 1259 1029 intimum

196 1064 444 1155 penetrarent.¹
498 1054 567 1129 Per
587 1076 645 1129 eas
666 1055 773 1153 igitur
791 1056 1011 1135 membranas
1039 1050 1153 1128 sensus
1178 1055 1257 1146 ille,

199 1163 259 1252 qui
286 1160 416 1233 dicitur
434 1176 557 1249 mens,
586 1176 628 1229 ea
649 1176 727 1248 quae
746 1152 826 1239 sunt
842 1150 931 1229 foris
950 1151 1144 1249 transpicit.
1194 1152 1259 1227 Ne

198 1260 298 1334 sorte
322 1254 526 1343 existimes,
559 1264 620 1327 aut
644 1252 835 1351 imaginum
860 1254 1063 1330 incurfione
1085 1274 1162 1329 nos·
1181 1273 1260 1327 cer-

197 1379 314 1451 nere,¹
333 1352 599 1448 utpbilosophi
618 1352 806 1445 dixerunt3
825 1354 994 1448 quoniam
1012 1352 1160 1427 uidendi
1182 1350 1260 1425 offi-

200 1460 294 1531 cium
311 1457 348 1531 in
367 1475 412 1528 eo
437 1455 545 1539 debet
565 1452 635 1527 else
656 1454 756 1547 quod
777 1456 900 1548 videt,
932 1475 1010 1531 non
1032 1454 1070 1527 in
1093 1474 1139 1526 eo
1160 1451 1261 1545 quod

115 1612 117 1616 -
199 1558 368 1643 uidetur:¹
389 1567 450 1629 aut
467 1553 671 1627 intentione
689 1556 801 1649 aeris,
824 1576 906 1647 eum
920 1557 996 1629 acie
1010 1567 1072 1627 aut
1086 1551 1267 1643 effusione

198 1658 405 1746 radiorum,
433 1655 622 1746 quoniam„
648 1652 671 1727 sr
691 1655 743 1739 ita
759 1652 866 1751 esset,
891 1654 1028 1729 radium
1048 1674 1153 1745 quern
1172 1673 1262 1725 ocu-

199 1758 244 1830 lis
266 1753 760 1847 advertimus-‚uideremus‚
786 1755 905 1830 donec
921 1756 1081 1827 intentus
1102 1772 1161 1825 aer
1177 1754 1261 1825 cum

201 1857 304 1948 acie,
333 1870 400 1947 ¹aut
414 1852 514 1929 effusi
527 1853 621 1949 ¹raclii
639 1853 681 1927 ad
698 1854 735 1929 id
752 1856 852 1949 quod
865 1854 1061 1931 videndum
1079 1850 1166 1927 esset
1180 1870 1259 1947 per·

200 1974 383 2043 venirent.
424 2004 428 2015 .
476 2008 478 2013 -
602 2042 606 2049 ⁵
647 1964 651 1985 ¹
1103 1978 1106 1983 ’
1199 2008 1202 2015 .

225 2058 229 2070 “
277 2052 368 2128 Cum
384 2065 502 2128 autem
517 2053 703 2131 videamus
724 2054 1054 2131 eodemmomento
1071 2048 1263 2145 temporis,

200 2157 413 2250 plerumque
440 2175 532 2226 vero
557 2144 651 2228 aliud
677 2154 851 2251 agentes,
882 2155 1113 2251 nihilominus
1139 2166 1263 2225 tamen

200 2252 368 2327 universa
391 2273 467 2342 quse
492 2258 621 2325 contra
646 2251 727 2327 sunt
748 2254 863 2347 posrta
884 2256 1109 2347 intueamur,
1137 2249 1262 2324 verius

202 2354 239 2425 δι
259 2351 474 2425 manifestius
496 2350 547 2424 est
572 2365 728 2426 mentem
742 2352 845 2446 csse,
879 2375 955 2447 quae
979 2374 1042 2446 per
1064 2354 1193 2425 oculos
1220 2372 1264 2423 ea

203 2474 281 2544 quae
304 2450 385 2523 sunt
405 2452 596 2545 opposta,
633 2450 857 2546 transpiciat,
895 2453 989 2545 quasr
1006 2474 1070 2547 per
1089 2450 1264 2526 fenestras

200 2553 349 2625 lucente
371 2552 490 2642 vitro,
517 2565 578 2624 aut
593 2550 764 2648 speculari
778 2554 894 2646 lapide
912 2551 1095 2627 obduffas.
1143 2549 1193 2623 Et
1212 2551 1264 2624 id·

203 2654 304 2725 circo
325 2672 449 2744 mens,
477 2650 510 2724 ἃ
534 2653 703 2725 voluntas
727 2674 772 2726 ex
796 2654 911 2727 oculis
927 2654 1017 2748 saepe
1034 2649 1262 2749 dignoscitur.

204 2753 319 2851 Quod
345 2751 488 2844 quidem
512 2766 555 2823 ur
578 2752 762 2827 refelleret
784 2752 1008 2846 Lucretius,
1050 2750 1263 2844 ineptissimo

202 2850 285 2923 usus
303 2851 354 2924 est
369 2865 592 2947 argumento.
641 2851 677 2924 Si
693 2854 787 2926 enim
801 2874 922 2945 mens,
942 2854 1079 2944 inquit,
1097 2871 1161 2945 per
1175 2871 1264 2924 ocu·

201 2950 261 3022 los
280 2951 400 3040 videt,
420 2949 724 3025 erutis&effors1s
741 2953 856 3025 oculis
871 2952 980 3047 magis
994 2952 1155 3038 videret3
1174 2971 1265 3041 quo·

202 3048 300 3122 niam
326 3038 454 3122 evulsae
478 3069 558 3121 cum
580 3048 742 3141 postibus
763 3049 862 3124 fores
886 3052 966 3142 plus
983 3049 1143 3123 inserunt
1162 3050 1265 3123 lumi-

202 3149 283 3238 nis,
318 3168 422 3238 quam
446 3145 624 3233 siluerint
646 3146 820 3233 obdustae.
881 3150 1060 3225 Nimirum
1084 3150 1171 3241 ipsr,
1205 3151 1266 3223 uel

203 3247 329 3342 potius
345 3243 529 3340 Epicur0‚¹
555 3250 614 3339 qui
630 3270 711 3323 eum
727 3248 874 3343 docuit,
901 3250 1013 3325 effosli
1031 3250 1128 3323 oculi
1146 3264 1264 3343 erant,

204 3367 255 3421 ne
269 3346 451 3440 viderent,
463 3346 612 3429 effulsos
626 3352 747 3443 orbes,
760 3352 924 3443 &ruptas
942 3354 1131 3424 oculorum
1142 3347 1265 3440 fibras,

205 3447 243 3527 be
264 3446 437 3520 fluentem
463 3468 657 3542 pervener
678 3448 906 3545 sanguinem,
939 3451 972 3522 ἃ
998 3448 1197 3522 crescentes
1218 3472 1265 3523 ex

204 3546 417 3620 vulneribus
444 3567 590 3639 carnes,
625 3547 850 3623 &obductas
875 3550 918 3623 ad
941 3550 1104 3622 ultimum
1124 3550 1265 3623 cicatri-

206 3666 269 3719 ces
282 3646 367 3720 nihil
381 3643 481 3738 posse
497 3647 586 3718 lucis
599 3648 806 3741 admittere,
828 3650 891 3723 nili
905 3648 1003 3721 forte
1018 3650 1158 3721 auribus
1177 3658 1265 3723 ocu-

205 3746 264 3818 los
282 3746 406 3818 slmiles
428 3740 522 3817 nasci
544 3748 718 3845 volebat3
750 3762 886 3821 utnon
905 3749 1129 3838 camoenis,
1158 3770 1264 3840 quarn

205 3840 440 3919 foraminibus
463 3865 713 3920 cerneremus:
746 3868 819 3939 quo
845 3847 932 3921 nihil
954 3848 998 3921 ad
1024 3844 1176 3939 speciem
1201 3850 1266 3922 foe·

208 3942 308 4034 dius,
325 3944 367 4013 ad
381 3943 478 4018 usum
492 3945 649 4017 inutilius
665 3943 742 4018 fieri
758 3946 888 4041 potest.
928 3949 1151 4049 Quantulum
1168 3962 1265 4027 enlm

205 4042 333 4131 videre
352 4041 557 4141 pollemus,
587 4044 758 4143 fimens,
793 4048 837 4121 ab
863 4047 994 4123 intimis
1017 4049 1263 4144 penetralibus

1121 4166 1215 4247 cepr-

163 4258 226 4268 Α,
