2775 4792
111 391 120 412 ”
215 425 283 499 ¹72
362 399 627 520 Lacunam
659 391 792 478 trust
816 419 875 476 or
899 400 979 480 lat
1003 370 1105 500 list

214 563 365 657 saure,
408 583 598 639 cum-non
629 555 815 657 irascitur,
854 575 933 638 tum
964 583 1141 659 parcere,
1184 584 1266 641 cum

172 712 174 716 -
215 661 398 755 irascitur,
430 684 506 736 non
530 664 732 756 peccabunt
755 661 887 753 utique¹
908 664 1068 756 leviter,
1102 665 1149 737 ne
1184 685 1267 736 ver·

212 757 405 852 berentur3
439 759 497 836 sed
512 759 682 856 quantum
698 775 870 856 poterunt
889 762 1102 860 gravissime,
1134 775 1177 836 ut
1194 763 1264 836 sto·
1282 847 1286 852 ,

213 862 378 937 maehum
416 861 490 952 eius
521 860 706 960 incitent,
750 874 857 954 atque
887 864 1035 954 impune
1072 859 1263 936 discedant

214 957 296 1056 Ego
321 979 410 1033 vero
434 958 634 1052 laudarem,
665 959 690 1032 li
711 969 792 1034 cum
813 958 1085 1053 latuerimus,
1109 959 1265 1034 'dedisset

213 1061 274 1134 irae
291 1057 358 1134 sua
380 1057 527 1151 spatium
539 1055 555 1147 ς’
586 1057 628 1132 ut'
649 1058 823 1134 residente
843 1080 907 1156 per
927 1059 1154 1134 intervallum
1176 1072 1266 1133 tem·

124 1245 138 1255 -
214 1159 313 1254 poris
329 1157 434 1231 animi
447 1172 610 1248 tumore,
629 1157 778 1256 baberet
790 1157 936 1241 modum
952 1158 1146 1256 castigatio.
1173 1157 1263 1256 Nou

216 1278 303 1352 ergo
316 1265 466 1350 propter
486 1257 547 1329 irae
564 1256 839 1352 magnitudinem
860 1257 1024 1331 donanda
1048 1270 1127 1330 erat
1144 1278 1264 1352 poeua,

214 1354 273 1440 scd
291 1352 506 1443 differenda3
532 1376 579 1428 ne
600 1368 662 1428 aut
682 1347 847 1452 peccanti
863 1357 1033 1449 maiorem
1045 1346 1141 1448 justo
1158 1347 1265 1430 'dolo-

122 1476 124 1480 ’
178 1497 180 1501 -
212 1474 287 1528 rem
308 1455 494 1545 inureret,
528 1466 589 1526 aut
607 1452 788 1556 castiganti
805 1454 977 1530 furorem.
1035 1454 1146 1529 Nunc
1170 1475 1261 1529 vero

152 1643 155 1650 Ι
208 1549 295 1645 :quae'
308 1551 450 1646 tandem
470 1555 640 1643 equitas,
674 1569 736 1652 aut
756 1575 833 1645 quae
855 1553 1022 1646 sapientia
1043 1553 1114 1640 est,
1147 1568 1191 1626 ut
1205 1557 1265 1628 ali·

212 1653 366 1743 quis‘ob
391 1652 557 1748 exiguum
583 1651 747 1727 defluum
770 1653 965 1745 puniatur,
997 1655 1046 1727 ob
1071 1654 1261 1740 max-imum

128 1752 132 1760 '
211 1770 287 1826 uon
309 1748 501 1847 puniatur?
528 1751 680 1848 Quodsi
701 1763 862 1828 naturam
877 1764 993 1826 rerum
1008 1751 1197 1843 causasque
1214 1754 1264 1825 di·

212 1848 379 1943 dicisset‚
414 1867 595 1940 nunquam
625 1861 698 1931 tam
728 1850 970 1943 importunam
1002 1853 1260 1938 continentiam

210 1948 468 2047 profiteretur,
494 1962 535 2019 ut
553 1951 703 2040 nequam
722 1945 846 2022 servus
861 1950 989 2025 iratum
1002 1949 1067 2024 sibi
1083 1948 1185 2023 soille
1201 1953 1263 2023 do·

210 2052 345 2126 minum
355 2049 601 2143 gratularetur.
619 2046 657 2120 N
660 2068 714 2121 am
724 2047 814 2120 srcut
822 2068 954 2141 corpus
964 2050 1155 2128 humanum
1164 2048 1261 2124 Deus

210 2149 331 2224 multis
356 2147 391 2219 dc
412 2137 518 2216 variis
539 2144 688 2218 sensibus
710 2147 753 2219 ad
773 2146 870 2220 usum
891 2148 976 2220 vi'tae
995 2146 1195 2222 necessariis
1212 2149 1261 2221 in·

196 2246 357 2320 ¹struxit:
391 2243 438 2317 sac
461 2240 495 2314 δι
519 2245 637 2315 animo
658 2247 780 2317 varios
804 2245 967 2318 attribuit
991 2243 1166 2337 affedius',
1191 2247 1262 2339 qui·

211 2346 277 2419 bus
293 2344 378 2415 vitae
396 2342 490 2416 ratio
510 2340 712 2429 constaret3
739 2355 781 2413 ut
798 2343 978 2416 libidinem
996 2345 1190 2436 prodenda
1208 2346 1263 2419 so·

210 2444 305 2616 bglis
325 2442 436 2539 gratia
454 2440 576 2542 dedit,
607 2440 657 2524 ,lic
671 2440 759 2515 iram
778 2440 1065 2517 cohibendorum
1085 2442 1187 2517 causa
1203 2445 1261 2519 de·

207 2543 234 2616 li
270 2563 383 2615 orum.
463 2611 469 2620 ,
545 2565 550 2578 “
963 2595 966 2602 -
1158 2573 1161 2580 ·

282 2642 420 2714 Verum
444 2639 491 2731 ii,
526 2627 594 2732 qui,
605 2636 767 2716 nesciunt
783 2637 873 2713 fines
888 2641 1069 2723 bonorum
1090 2658 1132 2712 ac
1148 2640 1259 2713 malo·

208 2761 311 2821 rum,
337 2740 425 2814 srcut
445 2737 589 2811 libidine
606 2751 757 2812 utuntur
775 2738 819 2812 ad
838 2741 1061 2830 corruptelas
1080 2738 1113 2812 dt
1132 2738 1176 2809 ad
1196 2760 1258 2811 vo·

208 2843 387 2932 luptates‚
419 2837 466 2910 fic
487 2838 598 2912 ita&
622 2837 752 2910 assessu
776 2838 819 2910 ad
846 2838 1070 2929 nocendum,
1101 2837 1185 2911 dont
1203 2839 1257 2929 iis,

209 2958 301 3029 quos
319 2938 404 3009 odio
420 2936 572 3025 habent,
591 2936 799 3010 irascuntur
851 2933 949 3031 Ergo
966 2938 1069 3008 etiam
1086 2956 1162 3008 non
1178 2958 1259 3028 pec·

208 3035 371 3126 captibus
388 3036 607 3125 irascuntur,
633 3034 739 3107 etiam
763 3034 925 3126 paribus,
950 3034 1138 3107 autetiam
1161 3033 1265 3129 supe,

132 3169 136 3176 ·
207 3134 376 3206 rioribus.
426 3131 522 3205 Hinc
539 3132 699 3224 quotidie.
723 3133 765 3234 ad
784 3131 947 3206 immania
966 3133 1127 3205 facinora
1147 3135 1257 3226 prost-

208 3235 310 3309 litur:
331 3229 704 3324 hinctragoediaesoepe
717 3231 917 3308 nascuntur.
949 3230 1046 3305 Esset
1060 3233 1166 3327 igitur
1183 3236 1257 3307 lau·

209 3331 344 3405 dandus
364 3328 564 3421 Archytas,
589 3330 635 3422 si,
663 3351 742 3405 cum
757 3331 860 3403 alicui
877 3330 949 3401 civi
967 3329 999 3403 u
1015 3334 1088 3425 pari
1110 3333 1257 3406 facienti

207 3431 269 3507 fibi
287 3429 447 3523 injuriam
465 3426 582 3501 fuisset
598 3430 729 3522 iratus,
761 3428 966 3521 repressisset
989 3428 1024 3501 se
1047 3444 1190 3524 tamen,
1223 3433 1256 3505 dc

207 3531 380 3624 patientia
395 3528 527 3616 fauoris
545 3529 716 3621 impetum
733 3527 929 3622 mitigasset.
978 3528 1065 3601 Haec
1087 3527 1138 3600 sui
1156 3532 1257 3604 cohi·

206 3629 299 3701 bitio
315 3625 469 3725 gloriosa
485 3625 549 3721 est,
570 3646 638 3718 qua
654 3624 892 3720 compescitur
907 3623 1050 3715 aliquod
1066 3626 1254 3704 imminens

147 3801 150 3818 ,
199 3745 372 3821 inagnum
387 3726 527 3799 malum.
577 3726 773 3809 Servorum
790 3740 906 3799 autem
926 3721 1153 3817 liliorumque
1174 3751 1256 3822 pec·

117 3878 122 3885 ·
208 3836 288 3898 cata
305 3846 382 3898 non
402 3843 604 3926 coercere,
619 3825 807 3917 peccatum
825 3815 909 3917 est3>
926 3823 1081 3896 evadent
1099 3830 1193 3901 enim
1212 3829 1255 3901 ad

186 3987 188 3991 .
207 3922 318 4018 majus
334 3925 463 3996 maluni
479 3921 815 4018 perjiinpunitasem.
853 3923 935 3995 llic
955 3935 1030 3995 non
1053 3925 1253 4000 cohibenda

205 4026 279 4121 ira,
305 4017 363 4095 sed
377 4017 504 4120 etiam3
524 4018 552 4097 li¹
560 4023 679 4122 jacet,
700 4022 887 4098 excitanda
899 4019 957 4097 est.
1010 4023 1122 4124 Quod
1137 4042 1256 4109 autem

160 4159 164 4172 ‚
1162 4125 1209 4200 de
