2775 4792
178 474 180 481 s
252 454 317 553 36
337 449 618 527 'Lacr-nuru
642 445 866 524 Errrouu
888 468 1039 535 uteru.
1065 448 1311 541 lusrrrur.

215 594 217 605 ¹
271 626 351 704 tur,
378 612 523 686 audacia
540 593 645 685 malis¹
663 602 864 685 crescet'ad
885 608 1046 684 facinora
1070 594 1227 707 maiorm
1255 618 1311 690 &¹2

227 1108 229 1111 ’
268 1108 1311 1142 'mm-nm*

249 789 251 794 ,
270 715 414 787 levibus
433 710 691 805 deutrispoena
705 710 852 806 grauior
869 712 1069 806 irrogetur,
1095 718 1198 789 multi
1217 717 1311 790 civer

137 886 140 893 .
172 849 177 857 ·
271 815 441 905 quoniam
461 810 656 885 nemoelle
676 810 748 883 srne
764 809 893 882 deliilo
910 810 1051 903 potest,
1077 815 1114 886 in
1135 816 1311 907 periculur

166 972 170 982 ,
271 915 441 994 venient,
467 914 527 1004 qui
550 912 711 1005 correpti
732 908 877 1003 pollent
896 908 965 1011 elle
979 913 1159 1021 meliores.
1192 1006 1196 1011 ι

1301 1064 1309 1101 l

314 1356 316 1358 v
544 1216 1055 1339 cneorxxxrx.
1165 1226 1166 1231 '

263 1381 267 1389 ι
298 1402 321 1477 .’
370 1378 372 1383 ¹
418 1416 473 1486 De
497 1417 607 1531 uariis
634 1402 851 1510 Philosophis,
875 1437 913 1485 uc
937 1415 972 1487 tle
997 1364 1181 1513 Autipudis.

306 1612 353 1686 lla
371 1632 465 1687 vero
481 1612 587 1687 levia.
637 1608 708 1684 Sed
734 1631 779 1685 ex
800 1612 924 1687 eadem
945 1611 1107 1687 vanitate
1127 1613 1311 1689 nascuntur

330 1713 571 1805 Xenophanes
596 1714 723 1786 orbem
745 1715 837 1786 lunae
856 1713 1039 1787 decem&
1061 1712 1146 1786 otto
1168 1717 1310 1807 partibo

169 1888 171 1895 ,
247 1886 249 1890 ,
270 1813 361 1899 dixit
377 1810 449 1884 elle
463 1814 659 1905 majorem,
679 1832 792 1904 quam
810 1814 885 1886 haec
905 1811 1025 1889 nostra
1044 1813 1086 1885 fit
1106 1829 1216 1888 terra
1263 1812 1311 1888 Itu

270 1934 340 2003 que
357 1915 450 1984 intra
467 1912 577 1984 finum
597 1912 672 2004 ejus
692 1913 793 1985 aliam
812 1925 944 1985 terram·
958 1913 1159 2002 contineri,
1192 1932 1269 2005 quae
1285 1908 1311 1987 al

259 2013 475 2089 hominibus
505 2012 539 2081 dc
569 2011 688 2101 ¹omnis
720 2013 860 2108 generis
897 2013 1104 2089 animalibus
1135 2011 1311 2086 incolatur

268 2112 329 2184 De
349 2111 550 2204 Antipodis
568 2131 713 2202 quoque
734 2111 806 2185 srne
823 2110 893 2184 risu
914 2133 983 2185 nec
1001 2112 1138 2202 audiri,
1174 2134 1242 2185 nec
1259 2114 1311 2201 dic

268 2208 400 2304 potest.
452 2209 628 2281 Alleritur
641 2225 761 2284 tamen
778 2208 1015 2303 qualialiquid
1029 2208 1176 2301 serium,
1200 2226 1240 2284 ut
1254 2234 1311 2295 cre

269 2311 391 2383 damus
417 2307 486 2381 effe
508 2309 693 2390 homines,
721 2310 781 2402 qui
801 2309 954 2405 vestigiis
976 2309 1103 2397 nostris
1120 2312 1255 2384 habent
1271 2313 1311 2387 ad

259 2409 371 2499 ¹,versu
384 2408 557 2522 &vestigia
609 2405 855 2493 Tolerabillus
883 2410 1116 2504 Anaxagoras
1146 2411 1311 2484 deliravit

233 2599 235 2604 Ι
271 2510 330 2600 qui
357 2509 492 2604 nigram
522 2508 644 2582 nivern
677 2509 809 2583 dixit·
837 2506 1074 2606 Quorundam
1106 2530 1181 2583 non
1214 2511 1311 2585 modi

266 2607 388 2724 dicia,
422 2607 481 2681 sed
512 2607 618 2680 etiam
649 2608 740 2681 falla
765 2608 913 2681 ridenda
931 2605 1031 2691 sunt..
1093 2608 1311 2691 Democritu

136 2700 148 2719 '
268 2698 391 2804 agrum
406 2705 504 2781 suum
522 2729 541 2778 a
563 2722 664 2801 patre
683 2708 744 2781 fibi
760 2709 920 2781 reliilum
944 2705 1160 2805 deseruit,
1147 2709 1180 2780 dc
1200 2709 1311 2802 pascu

267 2810 411 2901 publica
425 2805 501 2881 fieri
509 2807 631 2922 pallus
648 2806 709 2883 est
761 2807 948 2903 Diogenes
967 2830 1047 2881 cum
1066 2810 1182 2880 choro
1200 2831 1311 2893 canuu

115 3000 118 3009 Ι
169 2912 175 2931 ‘
253 2906 432 2987 ¹suorum,
459 2908 518 2996 qui
539 2910 710 2978 virtutem
733 2907 828 2978 illam
851 2907 1069 2980 summanr&
1095 2907 1251 2982 exailum
1272 2930 1311 2983 re

268 3027 347 3078 rum
375 3006 535 3077 omniurn
561 3019 784 3079 contemtum
804 3003 1019 3097 profitetur,
1046 3007 1248 3081 mendicare
1273 3011 1311 3083 vi

191 3102 213 3173 .’
270 3105 363 3178 ilum
382 3106 531 3194 maluit,
559 3125 661 3195 quam
682 3103 835 3177 honesto
855 3107 979 3176 labore
996 3108 1237 3200 conquirere,
1265 3129 1310 3181 au

267 3205 400 3279 habere
424 3207 531 3277 ullam
554 3225 627 3276 rem
651 3204 870 3280 familiarem.
931 3203 1041 3277 Certe
1063 3206 1139 3276 vita
1161 3204 1311 3298 sapienti¹

270 3307 472 3396 exemplum
491 3302 559 3374 elle
579 3305 728 3376 vivendi
749 3306 885 3377 caeteris
904 3305 1024 3379 debet
1076 3304 1111 3376 Si
1130 3307 1260 3379 horum
1279 3304 1311 3381 sa

266 3404 436 3500 pientiam
449 3424 579 3475 ornnes
597 3405 802 3494 imitentur,
830 3404 1016 3495 quomodo
1037 3403 1179 3477 stabunt
1202 3406 1311 3481 civite

266 3502 349 3577 tesi
384 3502 453 3575 Sed
476 3502 622 3575 forfitan
646 3503 753 3575 iidem
777 3502 903 3618 Cynici
929 3505 1130 3596 exemplum
1150 3524 1311 3581 verecun

267 3604 333 3675 diae
354 3605 513 3699 praebere
535 3616 755 3696 potuerunt,
789 3606 847 3693 qui
872 3603 985 3695 palam
1010 3624 1090 3675 cum
1111 3624 1181 3675 con
1180 3592 1311 3717 jugibus

265 3701 334 3776 suis
365 3703 630 3796 cubitaverunt
692 3699 828 3774 Nescio
857 3723 960 3792 quarn
985 3700 1127 3795 pollent
1151 3703 1311 3793 virtutes

266 3799 480 3894 defendere,
508 3822 567 3891 qur
558 3801 761 3894 pudorem
777 3799 1001 3875 sustulerunt.

339 3900 429 3972 Non
449 3903 577 3973 melior
597 3899 651 3972 his
669 3899 893 3993 Aristippus,
921 3902 1002 3992 qui,
1029 3899 1161 3997 cred0,
1187 3914 1229 3975 ut
1242 3902 1311 3979 amr

197 3996 199 4001 ’
265 4001 353 4093 culae
374 3997 442 4073 suae
462 4000 564 4072 Laidi
586 4003 767 4092 placeret,
796 3997 1029 4090 Cyrenaicum
1050 4000 1202 4075 instituit
1224 4002 1311 4075 disci

161 4326 211 4484 ἰ

209 4084 414 4235 plinam,
441 4119 509 4192 qua
526 4092 647 4174 summi
664 4098 755 4174 boni
771 4094 903 4183 finem
892 4121 930 4173 m
948 4103 1140 4197 voluptate
1157 4104 1311 4271 colrlporir

1154 4219 1200 4272 co
1230 4220 1253 4274 ο
