2775 4792
183 436 256 518 goe
284 411 506 492 Laetam
522 428 633 488 amaa
645 428 698 490 us
711 381 1142 518 manauerantque:
1174 437 1179 446 ’

125 613 129 628 2
184 576 249 652 brt
269 574 465 670 accedere,
496 569 833 667 responditdebere
848 571 953 665 ipsius
976 567 1245 667 dispositionem

186 677 226 752 in
250 689 465 771 perpetuum
488 670 717 766 conservari,
742 685 786 746 ut
807 671 881 745 duo
907 671 975 756 lint
996 674 1246 767 inrepublica

187 776 344 868 majores
359 829 372 869 ‚
399 775 459 867 qui
477 772 644 848 summam
660 791 779 847 rerum
797 784 965 861 teneant;
990 772 1075 848 item
1092 773 1168 848 duo
1183 774 1246 850 mi·

187 897 324 967 nores,
351 876 411 966 qui
432 873 499 948 lint
521 873 753 964 adjumentor
777 871 871 945 inter
896 869 989 946 duos
1013 872 1119 948 facile
1137 870 1248 967 nosse

189 974 421 1056 concordiam
435 971 587 1062 servari,
605 971 700 1046 inter
716 983 871 1063 quatuor
880 992 989 1068 ¹pares
1003 973 1103 1047 nullo
1118 974 1248 1051 modo.

188 1074 226 1150 si
245 1072 317 1169 ipse
333 1072 461 1148 cedere
476 1068 665 1165 noluisset,
689 1069 726 1146 se
740 1070 803 1146 sibi
822 1069 1088 1164 consulturum,
1114 1093 1161 1147 ne
1174 1093 1247 1147 am·
1298 1127 1300 1132 ,

188 1176 282 1273 plius
304 1175 422 1247 minor
446 1172 683 1245 &extremus
709 1168 807 1248 elset.
863 1171 943 1267 Jam
968 1170 1106 1246 fluxisse
1131 1192 1248 1250 annos
1298 1265 1300 1274 Ι

191 1272 417 1368 quindecim,
444 1275 480 1344 in
498 1271 703 1363 illyricum,
728 1269 857 1363 idest,
884 1270 928 1343 ad
952 1273 1065 1365 ripam
1087 1271 1260 1346 Danubii·
1285 1275 1300 1360 l

188 1376 391 1468 relegatus,
410 1391 490 1444 cum
501 1371 670 1467 gentibus
687 1370 844 1443 barbaris
858 1368 1073 1466 luderetur,-
1092 1392 1174 1446 cum
1191 1372 1248 1446 alii

189 1474 285 1546 intra
311 1472 467 1547 laxiores
493 1470 748 1565 &quietiores
774 1481 887 1544 terras
913 1470 1068 1546 delicate
1098 1472 1249 1566 impera·

190 1585 285 1648 rent.
602 1619 604 1624 ·
699 1645 703 1652 ,
998 1625 1001 1630 -

269 1672 335 1745 His
356 1669 509 1754 auditis,
540 1668 648 1744 senex
666 1668 879 1763 languidus,
912 1668 971 1761 qui
987 1668 1060 1761 jrrn
1077 1669 1117 1746 2&
1135 1669 1250 1744 Maxi·

192 1773 300 1848 miani
314 1769 403 1845 senis
423 1774 557 1846 litteras
582 1781 791 1863 acceperat,
817 1769 1001 1843 scribentis
1019 1790 1250 1868 quaecumque

191 1874 340 1950 locutus
357 1869 496 1966 fuisset,
529 1869 754 1946 &didicerat
771 1871 891 1970 augeri
909 1869 1018 1946 abeo
1037 1871 1249 1965 exercitum,

191 1971 513 2066 lacrymabundus:

132 2125 135 2132 -
271 2072 515 2145 Drocuer.
563 2071 670 2166 Fiat,
694 2070 835 2165 inquit,
859 2069 886 2145 sr
909 2069 984 2145 hoc
1005 2070 1138 2167 placa.
1155 2123 1164 2138 .-
1189 2069 1251 2146 Su·

152 2245 155 2250 .
195 2184 340 2268 peterat
361 2184 426 2262 ut,
460 2174 643 2247 communi
668 2170 818 2250 consilio
841 2169 1003 2252 omnium
1029 2170 1184 2246 Cesares
1204 2173 1254 2247 le·

197 2283 379 2368 gerentur.
817 2339 820 2348 ,
986 2280 993 2292 ’
1101 2331 1104 2336 ,
1169 2341 1171 2346 .

274 2366 547 2444 Gnnenrus.
596 2368 695 2467 Quid
718 2387 811 2464 opus
837 2366 889 2443 est
911 2369 1086 2464 consilio,
1113 2391 1196 2448 eum
1214 2370 1258 2448 lit

197 2466 339 2545 necelle
353 2468 422 2541 illis
435 2468 577 2542 duobus
590 2472 734 2561 placere
748 2466 917 2562 quidquid
930 2490 998 2543 nos
1011 2470 1231 2548 fecerimus?

275 2568 329 2643 1).·
351 2568 407 2641 lta
424 2569 540 2662 plane.
576 2567 676 2644 Nam·
692 2570 838 2645 illorum
861 2566 955 2643 lilios
976 2572 1177 2666 nuncupari
1196 2592 1256 2646 ne·

201 2666 294 2744 celle
318 2666 380 2745 est.
431 2665 518 2743 Erat
543 2684 661 2745 autem
684 2669 906 2746 Mairimiano
934 2667 1259 2769 [filiusJIMauena

201 2771 296 2859 tius,
315 2769 417 2860 hujus
432 2768 537 2861 ipsius
549 2768 757 2845 Maximiani
772 2790 903 2867 gener,
920 2770 1034 2845 horno
1048 2773 1258 2866 perniciose

202 2890 245 2941 ac
265 2870 364 2941 malae
381 2871 531 2962 mentis,
558 2869 650 2957 adeo
665 2868 837 2963 superbus
855 2869 1117 2965 bitontum,
1145 2887 1187 2946 ut
1199 2894 1259 2947 ne·

202 2988 274 3059 que
292 2981 454 3058 patrem,
479 2988 598 3058 neque
619 2968 782 3042 socerum
799 2968 924 3042 solitus
942 2970 982 3043 srt
999 2971 1163 3047 adorare.
1214 2969 1261 3044 Et

150 3143 155 3170 ι
202 3065 341 3139 idcirco
364 3068 507 3156 utrique
531 3063 664 3141 invisus
684 3067 765 3142 fuit.
817 3066 1032 3142 Constantio
1055 3090 1202 3165 quoque
1221 3068 1262 3143 fi·

192 3166 272 3240 ¹lius
287 3178 364 3237 erat
376 3163 891 3250 Constantinus,·sanuiffimus
904 3167 1131 3262 adolescens,
1151 3172 1262 3245 &illo

203 3264 345 3359 fastigio
362 3263 599 3361 digniifimus,
625 3269 686 3359 qui
701 3266 823 3364 insigni
839 3267 873 3340 dr
887 3268 1025 3346 decoro
1042 3271 1167 3344 habitu
1185 3291 1264 3345 cor·

204 3367 335 3460 poris,
366 3363 586 3441 &industria
604 3369 772 3460 militari,
807 3367 841 3441 u
860 3369 984 3462 probis
1004 3372 1196 3464 moribus,
1230 3371 1264 3445 dr

206 3466 380 3538 comitate
391 3462 588 3564 ¹singulari,
616 3487 636 3540 a
662 3467 833 3541 militibus
854 3482 1051 3560 amaretur,
1078 3472 1264 3566 aprivatis

206 3562 242 3637 dr
265 3575 465 3658 optaretur.
524 3562 684 3659 Eratque
706 3582 794 3639 tarne
816 3564 999 3659 presens,
1030 3570 1101 3659 J'anr
1127 3572 1266 3665 pridem

208 3682 230 3735 a
247 3662 483 3739 Diocletiano
501 3661 615 3738 fastus
630 3663 815 3740 Tribunus
831 3665 966 3741 ordinis
982 3668 1098 3761 primi.

282 3761 331 3837 D.
359 3762 457 3864 Quid
475 3783 563 3860 ergo
580 3760 673 3838 fiet?

284 3858 332 3931 G.
358 3863 444 3955 Ille,
467 3864 604 3957 inquit,
630 3862 755 3962 dignus
776 3884 854 3940 non
876 3863 938 3942 eil„
990 3866 1064 3963 Qui
1091 3869 1187 3945 enim
1210 3894 1268 3947 rne

145 4051 151 4058 .
208 3958 372 4054 privatus
386 3962 619 4060 contempsit,
646 3963 730 4060 quid
747 3963 882 4063 faciet,
908 3985 990 4044 curu
1007 3966 1195 4062 imperium
1212 3991 1268 4046 ac·

210 4056 377 4165 ceperit?
1261 4117 1268 4148 .,

1066 4166 1117 4245 D.
1132 4166 1220 4267 Hic,
