2775 4792
225 451 472 535 Laetatur.
497 447 721 552 Eurotae
744 471 896 530 muru.
921 451 1171 538 Irsrrrun
1205 476 1227 553 3

155 634 230 693 nec
253 615 396 692 Patrem
422 617 486 692 nist
509 637 630 693 uuum.
682 615 779 691 Nam
805 618 830 692 fi
857 617 992 712 Deus,
1019 621 1079 712 qui
1104 620 1228 694 omnia
1251 685 1255 695 ,
1291 680 1294 690 .

157 716 345 818 condidit,
368 718 512 792 &idem
527 718 732 812 Dominus,
759 717 902 793 &sidem
918 732 1020 813 pater
1035 719 1106 812 est,
1132 729 1232 794 unus

156 817 202 892 sit
225 815 367 890 necesse
389 816 466 910 est,
502 833 543 890 ut
562 819 655 896 idem
679 817 722 891 stt
747 833 855 911 caput
877 820 1044 910 idemque
1064 816 1151 892 fons
1167 840 1225 893 re·

155 937 249 990 rum.
300 914 390 991 Nec
400 916 520 1011 potest
534 919 637 991 aliter
648 936 768 992 rerum
786 917 917 992 summa
932 917 1139 1008 consistere,
1162 920 1227 995 nist

156 1017 204 1104 ad
228 1038 339 1091 unum
362 1016 488 1091 euntia
510 1017 736 1110 reserantur,
762 1016 825 1091 ulfi
841 1039 933 1092 unus
954 1033 1078 1091 teneat
1099 1020 1228 1115 guber·

155 1121 347 1210 naculum,
363 1116 435 1193 'nili
456 1128 549 1190 unus
568 1116 669 1191 frena
692 1116 925 1212 moderetur,
958 1133 1129 1214 regatque
1150 1121 1228 1191 uni·

154 1216 263 1290 uersa
285 1219 472 1308 membra,
506 1232 673 1309 tanquam
697 1236 798 1290 mens
827 1237 908 1292 una
968 1219 1002 1289 Si
1030 1220 1132 1309 multi
1159 1218 1226 1293 sint

153 1314 196 1391 in
223 1319 386 1391 examine
419 1337 524 1412 apum
555 1337 681 1415 reges,
716 1317 888 1410 peribunt
920 1329 983 1390 aut
1015 1302 1226 1412 dissipabun-

155 1428 239 1509 tur,
266 1417 350 1490 dum

309 1565 483 1658 Regibus
470 1589 541 1637 ante
563 1583 593 1638 rt
607 1588 726 1660 ,magno
749 1564 902 1657 distortio
926 1580 1037 1638 motus

155 1710 325 1804 stplures
349 1716 386 1786 in
412 1728 578 1788 armento
609 1715 747 1808 duces,
792 1715 927 1791 tamdiu
948 1715 1226 1810 ,preliabuntun

158 1815 281 1887 donec
298 1833 390 1886 tanus
409 1816 607 1889 obtineatr,
621 1814 769 1889 sl'multi
786 1816 824 1888 in
846 1819 1009 1889 exercitu
1028 1815 1227 1907 Imperato-

111 1953 134 1962 --
157 1928 239 2006 res,
265 1934 333 1987 nec
348 1916 464 2007 pareri
479 1917 617 2006 poterit
633 1917 798 2011 amilite,
827 1935 909 1987 curn
926 1915 1065 1988 diversa
1077 1916 1227 2006 jubean-

159 2026 243 2108 tur,
274 2033 343 2087 nec
362 2015 406 2085 ab
430 2013 472 2086 iis
491 2013 571 2107 ipsts
596 2014 715 2088 unitas
741 2015 919 2106 obtineri,
947 2034 1027 2088 cum
1051 2013 1112 2086 sabi
1133 2014 1228 2104 quis·

159 2132 232 2203 que
247 2133 317 2205 pro
338 2112 497 2187 moribus
518 2112 693 2190 consulat.
743 2113 857 2187 sicin
878 2115 946 2187 hac
966 2113 1085 2187 mundi
1105 2113 1226 2204 Repu·

156 2212 256 2285 blica
285 2211 364 2284 nist
371 2232 464 2284 unus
494 2209 612 2289 fuillet
639 2211 870 2306 moderator,
891 2214 955 2306 qui
983 2213 1225 2303 &cond1t0r,

159 2324 224 2385 aut
245 2308 361 2384 soluta
384 2311 502 2385 fuisset
530 2313 646 2386 omnis
673 2313 749 2386 haec
774 2315 912 2408 moles,
947 2328 1009 2387 aut
1027 2333 1096 2386 nec
1116 2311 1227 2385 condi

159 2402 305 2505 quidem
320 2413 471 2497 omnino
489 2411 670 2506 potuisset.

236 2510 449 2584 Praeterea
439 2534 475 2584 m
498 2513 619 2586 multis
640 2534 716 2587 non
739 2509 861 2606 potest
881 2509 951 2585 else
969 2523 1116 2605 totum,
1144 2530 1227 2584 cum

158 2610 288 2708 singuli
309 2609 367 2683 sua
388 2609 527 2705 officia,
560 2610 636 2685 suas
659 2613 850 2686 obtineant
874 2606 1089 2727 potestates.
1135 2609 1227 2682 Nul-

159 2712 218 2786 lus
236 2712 344 2806 igitur
357 2731 483 2783 eorum
496 2713 633 2804 poterit
647 2710 878 2804 omnipotens
892 2711 1109 2802 nuncupari,
1127 2707 1227 2799 quod

162 2811 216 2901 est
235 2829 363 2882 verum
379 2825 661 2925 cognomentum
677 2811 767 2884 Dei:
795 2811 962 2902 quoniam
980 2809 1015 2885 id
1030 2807 1143 2883 solum
1160 2827 1227 2901 po·

161 2911 269 3002 terit,
297 2909 421 3025 quod
410 2931 447 2981 tn
464 2909 543 3002 ipfo
560 2909 628 2999 est3
655 2910 755 3001 quod
774 2926 891 2982 autem
904 2912 939 2982 in
958 2909 1052 2998 aliis,
1080 2927 1149 2980 nec
1167 2929 1228 2982 au-

164 3010 265 3090 debit
289 3011 476 3106 attingere.
527 3008 618 3082 Non
638 3013 824 3084 Vulcanus
844 3011 905 3082 srbi
921 3030 1046 3101 aquam
1066 3008 1228 3080 vindica·

164 3110 243 3200 bit,
280 3121 341 3181 aut
365 3108 595 3221 Neptunus
585 3132 725 3205 rgnem3
759 3131 834 3184 non
854 3108 962 3182 Ceres
983 3108 1109 3180 artium
1135 3107 1229 3200 peri-

164 3212 276 3299 tiam,
310 3228 380 3281 nec
400 3201 569 3282 Minerv'a
593 3209 791 3305 frugum3
790 3229 866 3282 non
891 3229 986 3280 arma
1005 3207 1228 3299 Mercurius,

166 3331 236 3384 nec
251 3308 353 3381 Mars
365 3307 504 3400 lyram
512 3329 601 3382 non
617 3309 757 3404 Jupiter
770 3309 1003 3398 medicinam,
1027 3328 1096 3380 nec
1108 3305 1229 3378 Ascle
1245 3328 1254 3342 ·

164 3410 246 3504 pius
273 3406 426 3481 fulmen·
459 3407 599 3482 facilius
619 3409 707 3481 illud
731 3413 773 3482 ab
801 3410 871 3481 alio
893 3407 1023 3500 jasium
1049 3405 1226 3499 suscipiet,

167 3529 273 3623 quam
297 3503 370 3602 ipse
394 3510 593 3601 torquebit.
654 3507 690 3581 Si
718 3529 805 3605 ergo
831 3508 953 3604 singuli
979 3527 1054 3579 non
1081 3502 1229 3620 possunt
1294 3573 1298 3584 ,,

168 3609 318 3700 omnia,
347 3606 462 3681 minus
483 3609 619 3682 habent
637 3609 786 3695 virium,
820 3609 934 3681 minus
958 3604 1165 3701 potestatis:
1197 3605 1227 3678 is

169 3723 289 3783 autem
304 3705 405 3781 Deus
420 3709 600 3802 putandus
619 3707 691 3806 est,
709 3717 769 3804 qur
760 3705 905 3804 potest
920 3721 1059 3788 totum,
1075 3727 1152 3781 non
1166 3704 1227 3799 qui

167 3808 215 3884 de
233 3821 318 3894 toto
337 3808 538 3897 minimum,
