2775 4792
167 425 233 498 188
268 413 487 532 Lucerum
503 437 611 492 unm
625 437 677 491 nr
690 395 894 494 Monrrrus
908 403 1114 494 Prnsrc'ur'.
1225 404 1229 410 ’

163 576 388 672 demultum,
417 581 575 669 quamvis
598 579 704 654 breui
722 591 914 674 tempore,
936 577 1020 671 iusti-
1037 577 1212 675 sanguinis

162 675 266 750 fudit.
319 675 372 750 Ar
395 678 492 750 illum
516 675 747 752 Deuanovo
775 701 817 772 ac
836 679 997 776 singulari
1020 699 1136 771 poenae
1157 697 1230 773 ge,

161 795 249 849 nere
270 775 423 858 adfecit,
454 790 496 848 ut
514 776 600 849 esset
615 777 764 870 posteris
780 780 1058 871 documentum,
1086 776 1216 858 adver,

161 861 358 950 sariouDei
371 874 505 968 semper
518 878 657 972 dignam
672 875 804 952 scelere
823 877 886 950 suo
903 879 1063 971 recipere
1076 877 1213 948 'merce-

163 973 256 1049 dem.
317 975 388 1047 Hic
411 988 535 1067 captus
563 974 740 1070 aPerfis,
776 998 852 1051 non
878 977 991 1050 modo
1012 976 1212 1068 imperium,

163 1094 238 1166 quo
271 1073 388 1146 fuerat
418 1072 612 1148 insolenter
635 1074 744 1169 usur,
783 1075 842 1150 sed
867 1078 973 1150 etiam
997 1075 1213 1165 libertatem,

164 1194 267 1264 quarn
288 1175 422 1245 caeteris
443 1174 644 1264 ademerat,
671 1174 845 1270 perdidit,
871 1174 1035 1266 vixitque
1052 1175 1089 1246 in
1109 1173 1214 1246 servi·

163 1283 248 1346 tute
266 1271 462 1366 turpislime'.
514 1271 607 1346 Nam
630 1273 712 1346 Rex
733 1272 914 1348 Persarum
933 1273 1069 1365 Sapor,
1094 1272 1213 1363 ,is-qui

137 1401 139 1408 ·
164 1391 244 1442 eum
261 1385 424 1464 ceperat,
451 1372 633 1462 siquando
648 1371 794 1472 libuerit
807 1387 868 1446 aut
880 1373 1086 1445 vehiculum
1099 1370 1224 1445 ascen·³

162 1468 272 1560 dere,
298 1483 359 1541 aut
377 1491 531 1564 equum,
557 1472 729 1546 inclinare
750 1473 812 1546 sibi
832 1471 1035 1548 Romanum
1053 1471 1213 1565 jubebat,

161 1587 204 1639 ac
228 1581 330 1664 terga
353 1573 536 1662 praebere,
576 1571 799 1664 &imposito
825 1571 916 1664 pede
943 1569 1044 1664 supra
1074 1570 1213 1643 dorsum

162 1667 260 1758 ejus,
287 1670 373 1742 illud
390 1668 459 1741 esse
476 1690 604 1743 verum
621 1672 762 1744 dicebat
785 1672 976 1761 [triumphi
993 1667 1134 1765 genus]
1159 1690 1213 1742 ex·
1249 1693 1253 1702 ·

159 1770 336 1859 probrans
359 1767 391 1840 ei
410 1787 488 1841 cum
505 1766 597 1859 risu,
623 1790 699 1842 non
714 1773 813 1860 quod
829 1771 865 1842 in
881 1771 1009 1840 tabulis
1028 1782 1091 1854 aut
1106 1771 1216 1861 parie-

161 1867 258 1942 tibus
282 1868 435 1943 Romani
457 1869 654 1964 pingerent.
711 1869 768 1942 Ita
793 1870 853 1942 ille
881 1868 1069 1965 dignissime
1095 1869 1215 1941 trium·

161 1967 313 2061 pharus,
341 1968 552 2058 aliquamdiu
567 1969 680 2059 vixit,
707 1982 749 2040 ut
763 1969 823 2041 diu
843 1969 999 2042 barbaris
1010 1967 1214 2040 Romanurn

160 2088 297 2141 nomen
320 2067 474 2139 ludibrio
499 2089 540 2139 ac
563 2067 688 2141 derisui
712 2066 810 2143 esset.
866 2066 982 2160 Etiam
1007 2066 1081 2140 hoc
1107 2067 1142 2138 ei
1164 2085 1215 2140 ac·

163 2167 260 2242 cessit
276 2166 318 2237 ad
332 2186 493 2257 poenam,
520 2166 618 2256 quod
634 2188 714 2241 cum
730 2163 840 2241 silium
854 2168 1004 2248 liaberet
1022 2165 1216 2258 Imperato-

159 2285 250 2354 rem,
267 2263 484 2355 captivitatis
499 2261 565 2335 suae
580 2279 700 2338 tamen
715 2286 756 2337 ac
768 2265 948 2338 servitutis
961 2277 1130 2338 extreme
1141 2285 1213 2338 non

159 2364 303 2435 invenit
323 2363 504 2452 ultorem,
530 2383 599 2435 nec
617 2364 768 2438 omnino
784 2367 957 2456 repetitus
977 2364 1037 2438 est.
1090 2363 1214 2436 Postea

161 2484 256 2535 vero
278 2484 381 2555 quam
403 2461 600 2555 pudendam
620 2464 732 2536 vitam
749 2464 786 2535 in
803 2465 866 2534 illo
887 2464 1067 2536 dedecore
1083 2461 1213 2544 finivit,

161 2564 302 2654 direpta
324 2561 375 2635 est
392 2564 426 2634 ei
446 2563 560 2655 cutis,
587 2560 620 2634 δι
642 2574 750 2636 exuta
772 2562 965 2635 uisceribus
981 2563 1083 2654 pellis
1100 2562 1152 2635 est
1167 2564 1214 2634 in·

161 2662 254 2737 secla
273 2664 383 2735 rubro
407 2663 558 2754 colore,
584 2674 625 2734 ut
648 2663 685 2735 in
708 2664 846 2757 templo
866 2663 1099 2750 barbarorum
1118 2661 1215 2734 Deo·

161 2784 241 2836 rum
264 2763 307 2834 ad
328 2763 533 2835 memoriam
551 2755 720 2836 clariffimi
736 2763 909 2855 triumphi·
922 2773 1143 2854 poneretur,
1170 2757 1214 2834 le

162 2866 325 2957 gatisque
346 2860 475 2934 nostris
504 2858 639 2952 semper
662 2860 748 2934 esset
777 2861 967 2950 ostentus,
999 2881 1045 2932 ne
1070 2861 1215 2933 nimium

161 2960 317 3032 Romani
349 2961 484 3032 viribus
517 2960 584 3031 suis
616 2958 791 3044 fiderent,
826 2981 905 3032 curn
938 2959 1087 3030 exuvias
1121 2957 1215 3052 capti

160 3058 334 3148 Principis
357 3058 449 3149 apud
467 3056 567 3130 Deos
585 3055 665 3129 suos
683 3070 883 3133 cernerent.
936 3057 1025 3131 Cum
1043 3059 1153 3153 igitur
1169 3074 1215 3130 ta·

161 3159 215 3231 les
241 3177 359 3251 poenas
386 3156 429 3227 de
455 3154 627 3251 sacrilegis
647 3156 747 3229 Deus
768 3159 948 3251 exegerit,
974 3178 1097 3230 nonne
1114 3162 1216 3230 mira·

161 3260 235 3333 bile
251 3257 319 3336 est,
346 3253 463 3328 ausum
483 3253 552 3329 esse
569 3278 780 3347 quemquam
799 3256 921 3348 postea
937 3278 1012 3328 non
1033 3258 1148 3329 modo
1169 3258 1215 3338 ta·

163 3377 266 3450 cere,
292 3354 350 3428 sed
374 3354 479 3428 etiam
502 3357 661 3451 cogitare
683 3354 850 3429 adversus
873 3357 1088 3448 majestatem
1105 3357 1216 3455 singu·
1249 3369 1252 3375 '

161 3457 243 3530 laris
259 3456 334 3529 Dei
346 3456 501 3551 regentis
525 3454 557 3527 u
578 3457 799 3530 continentis
815 3453 1010 3530 universa?

650 3614 727 3691 VI.
804 3621 806 3626 ’

236 3754 470 3847 Aurelianus,
497 3756 556 3846 qui
577 3752 664 3827 esset
678 3768 804 3828 natura
820 3754 968 3828 vesanus
990 3751 1022 3824 dr
1040 3775 1214 3849 praeceps,

163 3858 323 3946 quamvis
351 3854 597 3949 captivitatem
619 3855 800 3929 Valeriani
824 3851 1061 3944 meminisset,
1096 3872 1216 3929 tamen

165 3953 297 4050 oblitus
318 3952 457 4027 sceleris
483 3955 557 4046 ejus
581 3953 774 4049 &poenae,
807 3956 893 4024 iram
918 3952 989 4025 Dei
1016 3955 1216 4027 crudelibus

161 4052 262 4130 sadis
285 4053 466 4135 lacessivit,
538 4053 677 4132 Verum
707 4055 760 4128 illi
787 4074 833 4127 ne
862 4049 1037 4148 perficere
1076 4056 1219 4147 quidem

1088 4175 1165 4245 quae
