2775 4792
190 463 264 521 210
298 435 521 517 chmurt'r
535 409 645 516 tmrn
659 457 712 514 nr
728 435 934 526 Monmros
950 434 1161 521 Ferietur.
1202 455 1209 460 ·

190 603 334 704 quidem
355 603 437 686 ille,
469 612 511 679 ut
533 622 668 678 nomen
690 598 924 696 Imperatoris
948 597 1159 700 acceperat,
1192 598 1262 674 ho·

189 705 279 788 stem
302 699 337 777 se
354 701 512 779 Romani
533 703 691 779 nominis
716 715 793 776 erat
817 697 1017 795 professus,
1043 701 1150 795 cujus
1170 701 1261 774 titir-

191 807 267 879 lum
286 795 464 902 immutari
482 802 654 892 volebat3
682 813 725 876 ut
744 821 822 874 non
834 800 1042 876 Romanum
1054 801 1265 898 imperium,

190 903 252 979 sed
266 900 801 1000 Daciscumcognominiretup.
847 981 851 990 ,
1203 927 1208 940 ··

613 1056 835 1140 XXVIII.

266 1201 352 1278 Post
375 1202 481 1294 huJus
507 1199 654 1301 fugam,
676 1221 770 1290 =curn
795 1201 831 1275 se
855 1198 1098 1290 delmianus
1123 1204 1259 1279 altere

192 1303 310 1380 Gallia
329 1299 540 1398 recepisset,
575 1301 733 1376 habebat
752 1301 939 1395 imperium
962 1322 1154 1378 commune
1177 1323 1259 1380 cum

190 1402 281 1480 filio:
307 1400 378 1476 Sed
389 1403 519 1495 juveni
531 1402 641 1497 magis
657 1383 872 1495 parebatur,
892 1422 997 1492 quarn
1010 1399 1105 1495 seni,
1126 1403 1259 1499 qqupe

191 1524 275 1578 cum
295 1502 395 1596 prior
417 1502 583 1595 &major
602 1497 665 1573 filii
681 1499 840 1596 potestas
859 1498 967 1593 esset,
996 1503 1055 1595 qui
1075 1502 1182 1576 etiam
1200 1527 1268 1599 pa·

190 1603 241 1679 tri
260 1602 466 1677 reddiderat
484 1601 685 1695 imperium.
744 1597 899 1685 Ferebat
921 1600 1046 1698 Iniquo
1068 1601 1190 1678 animo
1210 1602 1263 1679 se··

132 1755 136 1762 »
190 1724 286 1799 nex,
314 1702 414 1793 quod
432 1722 510 1774 non
530 1698 649 1796 pollet
672 1701 787 1774 libere
806 1699 925 1774 facere
942 1702 1040 1793 quod
1060 1704 1200 1795 vellet,
1225 1702 1259 1775 dt

131 1869 133 1880 .
190 1799 362 1879 filiosuo
391 1800 522 1897 puerili
550 1799 779 1880 aemulatione
806 1799 1006 1878 invidebat.
1062 1799 1265 1897 cogitabat

191 1923 283 2001 ergo
304 1901 487 1996 expellere
508 1898 796 1993 adolescentem,
822 1912 863 1971 ut
883 1899 946 2000 srlpi
968 1898 1029 1973 sua
1045 1902 1259 1977 vindicaret.

192 2001 311 2098 Quod
325 2001 430 2076 facile
447 2000 660 2080 videbatur,
685 1999 767 2090 quia
780 1999 912 2075 milites
930 2014 1032 2077 erant
1050 1998 1175 2097 [suI,]
1199 2002 1260 2094 qui

192 2099 371 2178 Severum
395 2101 625 2192 reliquerant.
681 2098 899 2174 Advocavit
915 2101 1091 2194 populum
1112 2122 1156 2176 ac
1171 2103 1261 2176 mili·

98 2264 101 2270 .
192 2216 272 2281 tes,
298 2198 392 2291 quasi
410 2200 625 2273 concionem
644 2197 690 2271 de
704 2199 933 2291 presentibus
949 2196 1173 2296 Reipublicae
1186 2223 1259 2278 ma·

191 2301 238 2374 lis
259 2300 457 2372 habiturus.
507 2296 566 2369 De
590 2299 718 2387 quibus
744 2318 825 2381 curn
848 2301 960 2373 multa
980 2296 1145 2394 dixisset,
1172 2321 1260 2375 con-

191 2399 309 2474 vertit
326 2398 370 2470 ad
385 2394 497 2471 filium
513 2416 660 2485 manus;
693 2398 843 2472 &illum
864 2396 933 2470 esse
950 2397 1072 2474 dicens
1094 2416 1260 2475 autorem

192 2501 397 2589 malornm,
432 2499 532 2572 illum
558 2496 766 2591 prIncipem
781 2498 1043 2596 calamitatum,
1069 2500 1259 2594 quasRes-

191 2601 341 2696 publica
363 2595 572 2687 sustineret,
604 2597 753 2689 diripuit
777 2599 825 2671 ab
848 2597 1006 2672 humeris
1030 2599 1106 2694 ejus
1127 2620 1261 2694 purpu-

192 2722 282 2775 ram.
338 2694 479 2770 Exutns
504 2697 565 2771 ille
587 2697 808 2792 precipitem
829 2696 864 2771 se
885 2698 930 2773 de
952 2698 1121 2774 tribunali
1145 2702 1267 2799 dedit,

195 2800 231 2874 dt
248 2822 268 2872 a
286 2799 457 2875 militibus
475 2813 648 2892 exceptus
669 2797 730 2873 est.
783 2800 952 2898 Quorum
973 2802 1026 2871 ira
1047 2797 1083 2871 dt
1100 2801 1260 2876 clamore

192 2900 427 2995 perturbatus
444 2896 495 2970 est
512 2895 619 2970 senex
633 2898 785 2993 impius,
810 2898 843 2970 dt
861 2899 905 2970 ab
918 2901 1009 2973 urbe
1023 2896 1165 2995 Roma,
1184 2918 1261 2988 tan·-

195 3018 302 3092 quam
314 2997 496 3091 Superbus
520 2997 630 3089 alter,
657 2994 802 3070 exactus
819 2994 881 3071 est.

641 3154 806 3234 XXIX.

269 3293 427 3370 Rediens
445 3294 568 3370 rursus
581 3298 618 3369 in
634 3295 791 3390 Galliis,
817 3297 878 3370 ubi
899 3298 1116 3392 aliquantum
1142 3320 1260 3379 mora·

194 3410 255 3474 tus
281 3394 357 3491 est,
390 3395 574 3489 profectus
596 3397 639 3469 ad
661 3396 801 3475 hostem
825 3394 889 3470 filii
912 3398 964 3471 sui
985 3398 1259 3494 Maximianum,

196 3496 290 3591 quafi
312 3508 355 3570 ut
382 3498 426 3569 de
448 3496 706 3589 componendo
736 3495 958 3592 Reipublicae
980 3496 1073 3571 statu
1100 3520 1183 3573 cum
1211 3519 1260 3574 eo

196 3596 410 3688 disputarem
436 3615 476 3669 re
498 3612 617 3682 autem
638 3615 728 3668 vera
752 3612 793 3669 ut
815 3598 915 3673 illum
939 3611 1008 3692 per
1029 3599 1259 3675 occasionem

101 3773 112 3798 κ
194 3696 503 3771 reconciliationis
527 3695 736 3788 occideret,
762 3717 804 3768 ac
827 3717 977 3793 regnum
1000 3696 1076 3790 ejus
1102 3714 1260 3791 teneret,

195 3796 358 3869 exclusus
385 3818 405 3871 a
430 3793 494 3870 suo
515 3846 528 3885 ‚
549 3815 789 3894 *quocumque
816 3797 978 3878 venisset.
1023 3795 1183 3872 'Aderat
1208 3800 1257 3872 ibi

191 3893 367 3986 Diocles,
394 3917 413 3968 a
433 3914 567 3994 genero
585 3915 700 3988 nuper
719 3898 876 3985 accitam,
904 3910 945 3976 ut
962 3897 1062 3988 quod
1075 3912 1159 3972 ante
1178 3919 1257 3974 non

192 3994 353 4083 fecerat,
379 3994 550 4087 praesente
564 3995 629 4067 illo
647 3997 834 4092 imperium
852 3995 996 4071 Licinio
1021 3998 1147 4091 daret,
1175 3997 1257 4071 sub-

180 4093 316 4176 stituto
328 4093 369 4176 in
382 4092 516 4174 Severi
530 4093 631 4206 loco,
679 4096 806 4192 ltaque
825 4092 867 4179 fit
887 4109 1044 4194 utroque
1059 4097 1257 4274 pressente

1164 4218 1202 4271 rt
