2775 4792
170 409 220 489 70
250 376 521 466 Lacrnnrrr
545 360 1212 503 Errmonaorviu.11nar1ruri

447 652 963 803 -cnrurtxvt
1241 782 1244 791 ,

137 963 139 973 Ι
272 930 275 937 .
316 861 373 935 na
387 852 464 956 ,aar
480 860 519 930 n
544 858 731 963 numm,
756 810 805 935 'o
829 856 866 932 u
884 852 1101 967 farinam.
1241 960 1245 965 Ι

237 1041 315 1119 ides
335 1058 483 1135 quoque
500 1058 627 1138 magna
639 1038 782 1136 justitia
798 1058 879 1136 pars
899 1036 971 1129 eli3
997 1054 1077 1131 qua
1090 1033 1250 1111 marimo

177 1052 237 1226 F
263 1141 431 1237 anobis,
458 1143 519 1235 qui
538 1159 673 1218 nomen
689 1137 773 1216 fidei
792 1134 973 1239 gerimus3
998 1133 1251 1213 conservanda

178 1244 261 1337 est,
294 1244 477 1338 precipue
500 1239 537 1316 in
554 1240 772 1341 Religione,
804 1241 888 1337 qula
904 1240 1007 1341 Deus
1022 1238 1127 1333 prior
1140 1233 1192 1311 est
1210 1233 1250 1308 dt

153 1360 156 1375 ¹
178 1347 330 1443 potior,
349 1362 456 1435 quam
471 1343 597 1418 homo.
646 1338 735 1418 Etli
752 1338 804 1416 est
816 1338 1012 1440 gloriosum
1026 1356 1096 1433 pro
1110 1334 1250 1429 amicir,

177 1443 499 1542 properantibus,
526 1463 595 1537 pro
609 1440 755 1538 liberis,
779 1439 905 1536 idest,
929 1459 999 1538 pro
1015 1439 1164 1513 homine
1177 1433 1254 1510 sus·

181 1547 305 1639 cipere
327 1557 506 1638 mortem,
534 1543 568 1617 dr
593 1543 655 1636 qui
679 1542 756 1618 hoc
773 1542 927 1636 fecerit,
953 1540 1159 1615 diuturnam
1175 1557 1252 1611 me·

180 1645 335 1721 moriam
356 1643 571 1738 laudemque
599 1643 853 1737 consepultum
887 1652 1024 1736 manto
1047 1639 1158 1735 magis
1178 1655 1255 1732 pro

180 1744 292 1835 Deo,
314 1742 375 1835 qui
389 1742 510 1837 potest
525 1749 693 1819 eternam
707 1744 821 1819 vitam
838 1739 1116 1838 protemporali
1130 1746 1262 1813 morte

180 1842 373 1942 prestare?
400 1839 525 1937 Itaque
546 1860 655 1936 quum
675 1843 842 1920 inciderit
859 1840 1037 1937 ejusmodi
1054 1836 1255 1931 necessitas,

183 1959 228 2019 ut
245 1942 438 2018 desciscere
458 1942 602 2038 aDeo,
629 1957 738 2038 atque
756 1944 801 2019 ad
818 1943 909 2019 ritus
927 1943 1091 2045 gentium
1105 1936 1255 2013 transire

185 2064 380 2140 cogamur,
412 2045 530 2117 nullus
549 2056 778 2138 nomenis,
803 2044 922 2120 nullus
945 2056 1067 2116 terror
1081 2035 1257 2130 infletur,

186 2147 381 2237 quominus
401 2144 568 2217 traditam
587 2146 694 2219 nobis
717 2142 826 2223 fidem
850 2140 1101 2221 custodiamus.
1151 2136 1257 2211 Deus

184 2244 230 2319 fit
256 2255 341 2316 ante
368 2240 520 2336 oculos,
542 2241 589 2317 ¹srt
607 2245 647 2319 in
669 2244 804 2336 corde,
832 2243 934 2337 cuius
951 2243 1098 2316 interno
1119 2238 1257 2313 auxilio

187 2343 358 2416 dolorem
380 2340 577 2436 viscerum,
605 2343 640 2417 u
663 2344 821 2417 adhibita
839 2341 990 2439 corpori
1005 2352 1189 2420 tormenta
1202 2334 1258 2411 su-

188 2461 368 2538 peremus.
419 2440 523 2517 Nihil
545 2456 634 2518 tunc
655 2443 776 2535 aliud,
809 2462 916 2536 quarn
936 2442 1022 2514 vite
1043 2438 1258 2515 immortalis

188 2543 334 2639 praemia
366 2544 580 2641 cogitemus.
640 2540 695 2617 Ita
727 2542 858 2637 facile,
895 2540 958 2637 etfi
990 2535 1170 2634 dillipandi
1195 2551 1260 2612 aut

189 2641 320 2715 urendi
343 2655 441 2715 artus
461 2640 621 2733 fuerint,
646 2644 881 2719 tolerabimus
902 2639 1093 2735 universa,
1121 2660 1200 2733 quae
1218 2639 1260 2713 in

189 2762 263 2818 nos
284 2743 482 2835 tyrannicae
505 2742 727 2819 crudelitatis
753 2744 908 2818 amentia
925 2744 1109 2818 molietur.
1159 2736 1261 2813 Post·

191 2861 297 2915 remo
320 2840 430 2934 ipsam
450 2857 605 2917 mortem
627 2854 704 2918 non
724 2844 855 2934 inviti,
889 2856 952 2915 aut
970 2841 1106 2931 timidi,
1139 2839 1199 2913 sed
1218 2837 1276 2912 li·-

192 2943 323 3014 bentes
343 2941 378 3011 da
395 2941 550 3014 interriti
564 2941 680 3015 subire
698 2944 875 3034 nitamur,
903 2961 984 3015 cum
1000 2938 1146 3013 sciamus
1164 2936 1263 3029 quali

194 3035 290 3131 apud
307 3038 426 3112 Deum
444 3038 560 3136 gloria
577 3039 681 3116 fimus
695 3038 870 3123 fundari,
896 3040 1119 3134 triumphato
1136 3036 1262 3115 seculo

195 3138 240 3211 ad
260 3136 428 3231 promilla
444 3140 662 3237 venientes-r
695 3141 824 3233 quibus
841 3140 973 3234 bonis,
999 3152 1132 3233 quanta
1148 3138 1265 3212 beati·

194 3237 323 3312 tudine
351 3241 480 3312 brevia
504 3240 580 3313 haec
610 3240 795 3332 poenarum
823 3243 944 3334 mala,
981 3238 1147 3331 &hujus
1175 3240 1265 3313 vitae

197 3336 326 3435 damna
345 3337 544 3432 pensemus.
598 3340 712 3457 Quod
729 3340 755 3416 fi
772 3338 928 3415 'facultas
944 3340 1049 3434 hujus
1064 3338 1187 3436 gloriae
1201 3339 1265 3414 de·

197 3438 289 3530 erit,
315 3436 464 3511 habebit
482 3435 571 3513 fides
589 3457 697 3515 etiam
709 3442 747 3516 in
763 3463 853 3536 pace
867 3440 1082 3516 mercedem.

271 3534 460 3612 Teneatur
473 3558 562 3637 ergo
580 3540 618 3633 in
635 3541 802 3616 omnibus
817 3543 904 3615 vite
919 3537 1070 3634 officiis,
1096 3550 1265 3615 teneatur

120 3728 122 3735 Ι
197 3637 237 3710 in
260 3635 506 3714 matrimonio.
564 3636 774 3715 Nonenim
801 3638 882 3737 satis
905 3639 981 3735 est,
1012 3640 1123 3713 sraut
1143 3641 1264 3714 alieno

199 3750 314 3828 toro,
342 3748 405 3810 aut
421 3739 582 3832 lupanari
599 3738 785 3815 abstineas.
837 3741 912 3841 Qui
930 3738 1041 3814 habet
1055 3738 1264 3837 coniugem,

199 3835 289 3909 nihil
305 3849 439 3925 quaerat
452 3837 691 3912 extrinsecus:
716 3835 776 3914 sed
792 3851 987 3913 contentus
1002 3862 1044 3914 ea
1058 3838 1153 3931 sola,
1181 3837 1267 3912 casti

201 3933 433 4008 &inviolati
460 3939 586 4012 cubilis
614 3937 834 4013 sacramenta
862 3937 1051 4014 custodiat.
1111 3937 1268 4013 Adulter

169 4035 299 4112 “renim
319 4033 406 4112 Deo
434 4036 486 4113 est
510 4037 662 4135 perinde
689 4052 797 4136 atque
821 4036 1005 4138 incestus,
1038 4041 1099 4136 qui
1124 4037 1268 4130 abjecto

1110 4138 1216 4238 jugO,
