2775 4792
196 433 198 438 ·
243 391 462 496 Lacranmr
475 429 585 492 mnan
600 431 652 491 nt
668 412 871 538 Monpmus
892 415 1097 501 Persaeur'.
1131 404 1199 515 18'7

145 599 216 656 nus
240 565 464 652 inimicorum
486 578 552 651 luit
574 597 707 672 poenas.
757 577 840 653 Nec
861 565 941 651 satis
959 577 1004 652 ad
1026 579 1204 656 ultionem

147 679 237 768 fuit,
263 677 361 768 quod
376 676 669 752 estinterfeiiua:
695 676 793 752 dorni
815 667 931 752 etiarn*
941 679 1120 752 memoria
1134 701 1204 754 no·

148 777 251 852 minis
267 779 342 869 ejus
359 773 454 850 erasa
470 776 529 851 est.
575 776 669 850 Nam'
683 795 765 850 cum
781 777 892 850 inulta
903 779 1077 852 mirabilia
1089 776 1208 872 opera

147 873 370 965 fabricallet‚
408 895 490 948 cum
515 874 732 970 Capitolium
757 877 894 966 aliaque
915 879 1053 951 nobilia
1074 901 1202 952 monu-

146 990 268 1058 menta
283 972 440 1067 feciliet,
456 974 605 1062 Senatus
620 978 669 1050 ita
682 995 815 1050 nomen
830 976 904 1068 eius
917 975 1123 1070 persecutus
1137 979 1202 1073 est,

145 1090 189 1148 ut
210 1096 328 1165 neque
348 1074 557 1169 imaginum,
583 1095 701 1168 neque
724 1077 911 1148 titulorum
929 1076 1006 1167 ejua
1026 1078 1203 1169 relinque·

146 1189 205 1248 ret
228 1175 301 1249 ulla
321 1172 487 1269 vestigia,
520 1173 721 1270 graviilimia
746 1173 898 1251 decretis
921 1178 1027 1252 etiam
1051 1186 1202 1251 mortuo

146 1289 273 1349 notam
297 1273 456 1346 inureret
479 1273 523 1346 ad
545 1274 775 1369 ignominiam
799 1271 1054 1367 sempiternam.
1112 1277 1204 1350 Res·
1223 1283 1235 1310 “·

147 1372 235 1446 ciffis
258 1372 364 1468 igitur
382 1370 464 1445 otiis
487 1375 661 1466 tyranni„
676 1392 754 1447 non
773 1386 912 1447 tanturn
928 1376 965 1449 in
983 1374 1115 1450 statum-
1132 1378 1204 1469 pri·

117 1493 120 1500 ¹
146 1472 276 1547 stinum
295 1469 451 1546 Ecclclia
470 1471 630 1548 restituta
647 1471 719 1562 est,
746 1468 926 1546 sedetiam
942 1476 1057 1546 multo
1073 1478 1202 1548 clarius
1247 1503 1258 1534 κ

148 1592 192 1644 ac
213 1571 372 1644 floridius
392 1573 545 1660 enituit3
580 1570 780 1664 secutisque
802 1574 1049 1665 temporibus,
1073 1576 1202 1665 quibus

147 1672 256 1745 multi
273 1691 315 1743 ac
335 1672 422 1745 boni
441 1673 621 1764 principes
641 1670 796 1745 Romani
822 1671 959 1764 imperii
982 1673 1124 1748 clavum
1147 1693 1203 1746 re·
1252 1705 1255 1710 ·

147 1770 337 1865 gimenque
371 1785 593 1865 tenuerunt,
632 1772 753 1844 nullos
787 1771 1013 1846 inimicorum
1047 1775 1202 1864 impetus

145 1866 263 1963 palla,
289 1891 412 1942 manus
438 1869 513 1942 suas
537 1872 574 1942 in
596 1871 775 1944 orientem
797 1871 1096 1963 occidentemque
1119 1881 1203 1963 po‘r-

144 1970 266 2054 rexit3
291 1981 333 2041 ut
348 1969 557 2060 jamnullus
585 1966 670 2042 ellet
692 1982 865 2041 terrarum
888 1971 1034 2065 angulus
1056 1984 1127 2042 tarn
1148 1992 1203 2042 rc·

145 2081 293 2155 motus,
319 2087 393 2157 quo
411 2087 487 2140 non
506 2067 631 2162 religio
648 2065 721 2140 Dei
736 2066 970 2160 penetraffet3
995 2070 1091 2142 nulla
1106 2070 1205 2142 deni·

148 2186 220 2257 que
234 2165 336 2238 natio
350 2176 422 2240 tam
440 2166 525 2239 feris
541 2166 701 2242 moribus
716 2167 866 2258 vivens,
892 2182 1022 2244 utnon
1041 2168 1204 2260 suscepto

147 2264 221 2339 Dei
243 2267 366 2359 cultu,
389 2265 442 2338 ad
460 2263 603 2360 justitiae
623 2286 735 2360 opera
754 2265 967 2345 mitesceret.
1017 2266 1211 2346 Sedenim

150 2363 275 2461 postea
289 2365 481 2466 longrpair
498 2379 603 2460 rupta
618 2365 680 2442 est.

638 2525 712 2603 tv,
782 2481 788 2490 ’

126 2717 128 2722 .
224 2660 358 2737 Extitit
379 2663 472 2738 enim
493 2662 576 2757 poli
593 2684 707 2738 annos
725 2666 899 2758 plurimos
917 2665 1119 2740 execrabile
1136 2665 1209 2739 ani·
1281 2677 1284 2682 ⁴

150 2767 222 2844 nial
239 2765 401 2855 Decius,
428 2763 486 2853 qui
510 2775 661 2836 vexaret
678 2761 883 2840 acueram.
934 2767 1025 2863 Quis
1044 2767 1137 2839 enim
1152 2767 1209 2856 jn·

149 2864 301 2956 stiriam,
326 2862 390 2939 nist
411 2864 522 2938 malus
546 2860 806 2956 persequatur?
844 2861 893 2935 Et
915 2863 1007 2954 quasi
1031 2861 1208 2958 hujus.rei

151 2965 266 3060 gratia
287 2960 482 3055 provectus
511 2959 600 3060 elset
623 2962 666 3036 ad
689 2961 775 3036 illud
800 2963 995 3056 principale
1017 2963 1206 3061 fastigium,

150 3063 273 3138 furere
289 3061 453 3155 protinus
469 3075 597 3135 contra
611 3059 730 3140 Deum
752 3065 879 3158 clepit,
906 3076 948 3135 ut
966 3066 1130 3160 protinus
1149 3087 1206 3137 ca·

151 3163 267 3237 deret.
327 3160 421 3234 Nam
445 3159 625 3254 profectus
650 3161 818 3248 adversus
843 3161 1006 3256 carpor,
1044 3167 1104 3255 qui
1130 3179 1213 3236 tunr

152 3260 303 3336 Daciam
317 3258 546 3347 Moesramque
559 3275 842 3354 occupaverant,
858 3259 1044 3353 statimque
1059 3264 1207 3335 circum·

152 3375 286 3435 ventus
301 3382 322 3432 a
341 3357 518 3439 barbaris,
545 3357 579 3432 n
597 3379 677 3432 cum
695 3380 821 3456 magna
835 3361 1014 3434 exercitus
1030 3376 1131 3454 parte
1149 3359 1209 3431 de·

153 3462 276 3555 letus,
310 3479 380 3533 nec
403 3454 582 3551 sepultura
605 3457 748 3554 quidem
773 3460 895 3552 potuit
920 3459 1114 3534 honorari:
1148 3455 1208 3532 sed

155 3574 284 3632 exutus
308 3579 350 3632 ac
367 3556 512 3650 nudus,
545 3570 586 3629 ut
604 3555 744 3632 hostem
762 3555 832 3634 Dei
847 3562 1068 3654 oportebat,
1098 3557 1208 3650 pabu-

156 3658 230 3731 lum
242 3657 326 3734 feria
344 3678 387 3734 ac
400 3657 612 3731 volucribus
625 3657 749 3750 jacuit.

660 3817 711 3891 v.
783 3787 797 3870 3

231 3956 321 4032 Non
339 3960 453 4032 multo
470 3954 551 4052 post
565 3957 778 4032 Valerianus
801 3975 946 4050 quoque
968 3973 1043 4036 non
1065 3954 1222 4058 diffimili

93 4115 102 4126 .
157 4059 284 4138 furore
300 4061 509 4154 correptus,
533 4058 657 4154 inpiae
672 4077 796 4148 manua
811 4059 849 4133 in
863 4056 983 4136 Deum
998 4056 1213 4221 interregni
1244 4065 1250 4097 ³
