2775 4792
202 394 647 507 audissem-mser
669 382 1129 471 unrorerntcionffi·
1152 414 1202 503 9⁵
1231 364 1242 375 .

131 565 231 644 meri
242 561 487 651 se'nequeunt,
496 552 924 632 multitudinemmmms
938 555 1096 633 fortiora
1107 579 1203 635 vero

132 664 344 742 solitudines
360 669 552 755 appetunt,
562 655 1206 752 quoniamroborevirihusquecon-

134 763 265 843 fidunt.
315 760 445 836 Homo
472 777 619 850 quoque
643 754 669 830 sr
691 753 823 830 eodem
844 755 959 831 modo
980 756 1133 835 heberet
1150 759 1204 837 nd

133 858 549 965 propulsandaperictda
567 852 759 952 suppetens
776 859 913 951 robur,
948 878 1019 933 nee
1034 860 1140 937 ullius
1154 862 1205 937 al·

134 966 249 1041 terius
266 961 403 1036 auxilio
421 956 622 1055 indigeret,
653 976 736 1051 quae·
752 951 905 1030 societas
927 953 1044 1033 effeti
1055 980 1206 1052 ··quaevs

120 1062 269 1145 'sadol
306 1081 384 1153 quae
405 1054 635 1133 humanitas?
673 1068 736 1129 aut
760 1054 845 1147 quid
869 1053 957 1131 ellet
981 1058 1110 1133 tetrius
1137 1061 1205 1137 ho·
1253 1136 1257 1143 ,

135 1162 269 1245 mine?
303 1159 386 1254 quid
402 1154 622 1232 efferacius?
655 1154 741 1248 quid
762 1155 982 1231 immanius?
1019 1157 1092 1233 Sed
1113 1180 1206 1253 quo·

134 1267 234 1343 niam
258 1259 446 1337 imbecillis
472 1254 547 1352 est,
580 1277 651 1331 nec
671 1275 736 1349 per
756 1254 791 1328 se
810 1255 932 1348 potest
953 1257 1028 1333 fine
1055 1260 1206 1339 homine

134 1367 293 1456 uivere,
318 1358 527 1434 societatem
543 1356 705 1450 appetit,
729 1368 772 1429 ut
787 1357 864 1433 vita
877 1360 1079 1435 communis
1097 1361 1131 1435 dt
1146 1382 1207 1437 or·
1252 1382 1255 1387 ·

127 1466 262 1545 m'atior
281 1457 367 1553 fiat,
398 1458 432 1533 dt
450 1458 577 1533 tutior.
625 1456 742 1533 Vides
762 1454 870 1553 igitur
885 1478 1031 1535 omnem
1048 1462 1206 1539 hominis

134 1565 319 1640 rationem
338 1561 440 1635 ineo
461 1560 523 1631 vel
540 1555 693 1632 maxime
713 1553 825 1651 stare,
853 1556 953 1649 quod
966 1561 1084 1634 nudus
1100 1563 1206 1661 fragi-

91 1712 95 1719 -
132 1665 256 1756 lisque
273 1658 453 1753 nascitur,
482 1657 583 1750 quod
601 1653 739 1733 morbis
759 1654 936 1752 afficitur,
970 1662 1070 1751 quod
1084 1664 1206 1745 imma.-

136 1779 222 1842 tura
239 1775 361 1838 morte
382 1760 566 1835 multatur.
625 1756 719 1853 Quae
743 1756 769 1833 li
792 1757 933 1853 homini
956 1758 1206 1861 detrahantur,

137 1867 320 1941 rationem
342 1879 488 1953 quoque
509 1854 774 1951 desipientiam
793 1857 953 1953 detrahi,
983 1861 1124 1937 necelle
1140 1862 1206 1943 est.

137 1964 213 2042 Sed
230 1961 335 2039 nimis
350 1959 411 2033 diu
426 1958 471 2033 de
485 1959 593 2030 rebus
610 1957 745 2052 apertis
756 1955 925 2053 disputo,
953 1979 1034 2037 curn
1047 1963 1090 2038 fit
1104 1964 1208 2058 liqui

137 2066 254 2156 dum,
287 2060 379 2135 nihil
402 2059 475 2132 fine
498 2055 760 2151 providentia,
792 2076 863 2131 nec
884 2056 1016 2136 faidum
1043 2061 1114 2138 effe
1128 2086 1208 2141 un·

139 2184 273 2260 quam,
299 2179 370 2235 nec
395 2155 475 2233 fieri
496 2152 663 2251 potuiffe.
724 2154 783 2229 De
805 2159 907 2252 cujus
932 2161 1105 2255 operibus
1130 2168 1208 2247 uni.
1262 2200 1290 2241 ,ι

90 2294 94 2357 7
139 2263 273 2356 serus,
299 2261 438 2335 linunc
456 2258 568 2331 libeat
582 2252 761 2353 disputare
775 2278 840 2352 per
854 2258 1041 2358 ordinem,
1065 2261 1208 2345 infinita

90 2374 93 2469 j
138 2364 290 2441 materia
312 2356 374 2435 est.
424 2356 495 2432 Sed
516 2377 586 2455 ego
607 2357 653 2430 de
676 2377 930 2452 unolcorpore
951 2363 1108 2439 hominis
1128 2383 1208 2447 tane

90 2472 95 2541 l
138 2477 220 2539 tum
235 2460 369 2536 institui
384 2458 525 2550 dicere,
550 2458 646 2532 utin
663 2479 710 2532 eo
733 2457 865 2532 divinae
882 2453 1208 2563 providentiaepo-

91 2546 94 2631 l
139 2563 330 2652 testatem,
357 2572 489 2651 quanta
510 2558 644 2649 fuerit,
677 2556 941 2636 ostendamhis
961 2561 1148 2645 dumtaxat
1168 2571 1208 2646 in
1250 2616 1253 2621 -

140 2665 272 2752 rebus,
294 2680 371 2751 quae
383 2656 464 2731 sunt
478 2657 816 2750 comprehensibiles
831 2657 1031 2754 &apertam
1050 2671 1209 2745 namins

139 2758 317 2858 quaesunt
332 2757 477 2848 animae,
493 2776 564 2827 nec
576 2754 699 2846 subjici
713 2757 849 2849 oculis,
861 2779 933 2832 nec
949 2767 1222 2855 comprehendi*

94 2860 98 2909 l
140 2871 309 2957 queunt..
332 2855 446 2932 Nunc
464 2854 510 2930 de
527 2853 605 2951 ipio
623 2853 706 2933 vase
717 2856 873 2934 hominis
885 2859 1089 2954 loquimur,
1109 2870 1208 2963 quod

140 2962 320 3038 videmus.
772 3014 775 3019 -

102 3256 108 3525 ι
357 3212 864 3373 ’,οΑΡυΗ
1013 3242 1016 3247 ’
1163 3310 1197 3339 .«

157 3458 160 3467 ,
303 3442 306 3451 ·
354 3411 409 3484 De
421 3408 542 3504 figuris
565 3406 754 3480 animalium
778 3406 818 3487 dr
841 3409 996 3496 membris.

144 3570 209 3748 In
222 3569 424 3665 principio,
450 3589 531 3643 cum
544 3566 645 3644 Deus
658 3564 813 3669 fulgeret
826 3572 1006 3671 animilia,
1031 3578 1152 3655 noluit
1166 3589 1219 3670 el„

209 3671 248 3741 in
259 3670 452 3745 rotundam
466 3668 592 3743 formae
606 3668 758 3765 speciem
773 3674 1121 3769 conglonsrsssque
1133 3684 1211 3757 eol·

116 3762 126 3795 '
147 3772 284 3870 ligere,
298 3785 351 3845 ut
374 3771 408 3843 dt
429 3773 574 3844 moveri
596 3769 933 3869 adambulandum,
959 3774 1155 3857 &nenses
1174 3781 1213 3859 se

148 3872 186 3947 in
211 3871 406 3960 quamlibet
426 3883 565 3964 partem
584 3870 689 3944 facile
712 3871 872 3967 pollent:
897 3872 958 3969 ¹sed
979 3895 1026 3952 ex
1041 3876 1112 3973 ipsa
1128 3884 1212 3957 cor-

148 3969 252 4066 poris
271 3966 403 4042 summa
419 3970 593 4062 produxit
602 3984 737 4066 -caput3
763 3975 849 4049 item
862 3972 1037 4066 produxit
1051 3985 1216 4057 membra

147 4067 314 4181 quaedam
335 4068 503 4172 losgius,
524 4080 616 4168 'quse
636 4080 820 4161 vocentur
841 4071 1051 4181 pedes„u‘e.
1068 4081 1240 4189 altem&

194 4192 199 4223 ·'
222 4192 226 4201 '
862 4186 863 4190 ’
1079 4187 1204 4258 mutt-
