2775 4792
195 416 750 517 *112.··Lscrrsa11mrr
775 436 832 493 ne
857 416 1083 494 Oerrrcro
1107 418 1211 499 Dur.

191 576 315 661 naua
332 579 510 676 pestilenti
527 598 623 653 aura«
643 594 873 675 corrumpat,
899 597 960 653 aut
977 596 1093 655 totam
1108 581 1270 657 nocendi

197 684 418 760 ¹violentiam
443 682 592 754 internis
618 682 855 774 receptaculis
880 681 1048 773 perferat.
1106 682 1270 774 Ideoque

202 786 311 860 etiam
326 801 430 855 nates
443 779 605 859 breviter
622 778 702 855 sunt
718 796 872 874 apertae,
896 802 973 872 quae
987 782 1123 855 idcirco
1141 782 1187 854 fic
1200 796 1269 859 nd.-

133 974 135 979 .
201 884 406 973 minantur,
434 883 515 973 quia
537 900 602 975 per
627 902 685 953 eas
709 882 770 953 vel
795 881 910 971 odor,
937 880 1160 973 velspiritus
1179 896 1268 957 nare

196 1004 287 1061 non
298 982 446 1072 definit,
473 1000 550 1073 quae
567 977 648 1053 sunt
666 981 772 1073 bolus
789 977 911 1053 fistulae
928 981 1022 1072 quasa
1042 981 1141 1054 ostia.
1192 981 1268 1056 Ta·

201 1105 284 1161 men
305 1084 380 1155 haec
401 1074 515 1153 fistula
536 1079 698 1173 spiritalis
724 1102 799 1153 non
820 1095 959 1158 tantum
977 1082 1020 1153 ad
1036 1099 1161 1172 nares,
1197 1102 1267 1157 ve·-

195 1184 282 1259 s'um
296 1182 338 1254 ad
352 1201 395 1253 os
410 1200 556 1272 quoque
572 1180 769 1273 interpatet
781 1184 818 1252 in
839 1176 1006 1255 extremis
1025 1182 1265 1276 palatiregio'·
1288 1216 1296 1241 ·-

203 1286 308 1361 nibus
318 1278 345 1372 ,ἵ
358 1281 421 1353 ubi
437 1277 471 1354 se
492 1281 604 1353 colles
620 1274 775 1363 saucium
790 1278 983 1377 spesiantes
1002 1282 1114 1353 uvam'
1128 1282 1264 1355 tollere

198 1382 380 1474 incipiunt
399 1381 436 1453 in
457 1395 652 1455 tumorem.
703 1378 813 1473 CuJus
832 1381 887 1452 rei·
904 1379 1005 1453 causa
1027 1379 1169 1453 &ratio
1184 1401 1264 1456 non

200 1480 356 1556 obscura
378 1478 448 1567 est3
479 1480 651 1571 loquendi
671 1482 766 1553 enim
782 1474 991 1554 facultatem
1014 1501 1089 1553 non
1113 1480 1264 1556 habere·

201 1586 303 1674 mus,
328 1578 376 1673 st,
401 1594 444 1652 ut
464 1582 553 1677 gulae
575 1582 644 1653 iter
658 1580 713 1653 ¹ad
732 1602 774 1655 os
788 1576 957 1673 tantum,
974 1583 1023 1651 ita
1036 1580 1201 1676 gurgulio
1217 1580 1264 1654 ad

202 1700 306 1756 nares
328 1694 468 1754 tantum
486 1694 647 1772 pateret,
673 1682 964 1775 necprocedens
987 1702 1032 1751 ex
1055 1700 1101 1752 eo
1118 1678 1262 1774 spiritus
1284 1677 1288 1687 '

199 1778 346 1859 efficere
363 1800 493 1852 vocem
513 1778 586 1853 fine
605 1782 732 1875 linguae
748 1779 943 1853 ministerio
958 1779 1086 1872 pollet.

274 1880 431 1976 Aperuit
456 1879 563 1975 igitur
588 1882 688 1953 viam
706 1880 803 1963 voci¹
821 1880 942 1952 divina
968 1877 1112 1953 solertia
1135 1902 1181 1953 ex
1200 1882 1265 1959 illa

201 1974 316 2058 fistula
335 1979 502 2074 spiritali,
529 1992 571 2052 ut
591 1979 709 2072 posset
723 1981 842 2076 lingua
856 1978 1050 2053 ministerio
1067 1981 1129 2051 suo
1144 1981 1262 2078 fungi,

199 2084 238 2158 dt
261 2081 366 2154 vocis
390 2076 735 2172 ipsius-'inoffensum
762 2090 929 2154 tenorem
949 2079 1104 2172 pultibus
1119 2078 1198 2154 ‘suis
1222 2082 1262 2156 in

201 2183 317 2255 verba
338 2173 549 2254 concidere.¹
593 2180 668 2275 Qui
692 2196 854 2272 meatus,
887 2180 1052 2272 italiquo
1074 2180 1187 2253 modo
1207 2182 1262 2273 irt-

200 2292 386 2372 te'rceptus
405 2279 466 2372 stt,
491 2293 629 2353 mittum
645 2279 753 2352 faciat
769 2278 909 2353 necesse
929 2278 989 2354 est.
1040 2278 1148 2352 Errat
1164 2282 1262 2356 enim

195 2376 582 2478 -profetiotquisquis
608 2380 710 2453 aliam
737 2378 874 2452 causam
902 2392 1029 2472 putat,
1057 2400 1120 2451 cur
1144 2380 1261 2454 homi·

198 2502 265 2559 nes
279 2479 369 2554 muti
383 2478 460 2553 srnt.
486 2478 576 2551 Non
591 2480 705 2569 enirn,
723 2494 765 2551 ut
780 2482 890 2575 vulgo
907 2479 1084 2570 creditur,
1102 2478 1261 2555 vinsiarn

199 2576 330 2679 gerunt
344 2582 515 2676 linguam:
542 2575 600 2651 sed
614 2579 637 2650 ii
653 2580 931 2653 vocalemillum
948 2579 1104 2671 spiritum
1119 2599 1184 2671 per
1199 2597 1261 2653 na·-

199 2700 259 2755 res
278 2678 371 2772 quan
387 2681 585 2775 mugientes
601 2678 847 2771 profundunt,
875 2679 974 2772 quod
990 2681 1076 2752 voci
1096 2680 1260 2753 transitus

200 2780 246 2854 ad
262 2780 504 2854 osau'tnullus
518 2780 668 2853 omnino
680 2779 743 2872 est,
756 2796 902 2853 autnon
916 2780 963 2853 sic
974 2795 1113 2871 patens,
1129 2795 1171 2852 ut
1183 2781 1259 2872 ple·

198 2901 284 2955 nam
299 2899 434 2953 vocem
449 2879 554 2971 poffit
569 2881 744 2953 emittere.
776 2880 889 2976 Quod
907 2880 1114 2970 plerumque
1131 2893 1259 2952 natrtra

200 2977 265 3067 fit3
281 2978 470 3069 aliquando
482 2979 588 3052 etiam
600 2977 680 3050 casu
692 2978 840 3068 accidit,
852 2992 899 3049 ut
910 2981 1041 3050 morbo
1060 2979 1180 3069 aliquo
1197 2978 1257 3051 hic

200 3079 317 3152 aditus
330 3075 499 3173 obseptus
513 3098 645 3151 vocem
655 3098 732 3150 non
742 3078 958 3151 transmittat
968 3077 1009 3149 ad
1021 3078 1189 3173 linguam,
1207 3076 1258 3149 sa-

197 3178 343 3270 cietque
366 3176 411 3249 de
436 3178 667 3267 loquentibus
689 3190 821 3249 mutos.
882 3178 993 3274 Quod
1014 3199 1094 3251 cum
1118 3177 1258 3251 accide-

198 3278 268 3371 rit,
295 3276 452 3356 auditum
470 3296 616 3369 quoque
632 3276 767 3351 obstrui
781 3276 920 3350 necesse
934 3276 1011 3364 ·est;
1037 3291 1078 3348 ut
1094 3280 1174 3368 quia
1190 3297 1259 3350 vo·

200 3387 281 3453 cem
296 3377 462 3451 emittere
476 3396 552 3450 non
568 3376 704 3470 potest,
723 3400 769 3450 ne
783 3378 971 3450 admittere
986 3379 1126 3467 quidem
1141 3376 1256 3470 polilt.

198 3476 392 3571 Loquendi
412 3497 499 3572 ergo
523 3477 624 3550 causa
645 3475 839 3569 patefadlns
863 3476 913 3548 est
934 3478 992 3549 hic
1011 3490 1159 3552 meatus.
1209 3475 1258 3550 ll·

199 3578 263 3652 lud
276 3597 421 3670 quoque
439 3575 601 3669 praestat,
622 3592 670 3673 ,ut
685 3580 722 3649 in
738 3578 890 3649 lavacris
907 3576 1147 3666 celebrandis,
1175 3579 1258 3667 quia

198 3698 303 3753 nares
328 3674 486 3751 calorem
510 3674 605 3749 serre
628 3697 705 3748 non
732 3675 897 3768 poliunt,
929 3696 988 3746 aer
1015 3675 1162 3746 fervens
1190 3697 1257 3749 ore

200 3775 374 3865 ducatur3
401 3777 424 3850 sr
440 3777 546 3866 item,
562 3774 660 3848 forte
673 3773 883 3867 spiramenta
897 3775 1030 3847 narium
1046 3773 1191 3868 frigoris
1205 3777 1256 3868 pi-

199 3878 291 3948 tuita
306 3874 540 3967 praeluserit,
567 3895 631 3968 per
648 3896 690 3947 os
707 3895 825 3948 auram
840 3875 980 3947 trahere
997 3873 1181 3967 posumus,
1207 3896 1257 3947 ne

200 3973 380 4050 obstrusia
391 3976 531 4051 meandi
543 3974 734 4066 facultate,
749 3974 888 4067 spiritus
903 3973 1147 4070 stranguletur.
1175 3973 1256 4046 Cibi

199 4096 294 4159 vero
317 4074 357 4153 in
376 4079 500 4156 alvum
526 4077 686 4176 recepti,
720 4074 864 4155 &cum
878 4087 988 4171 potus
1008 4075 1161 4188 humore
1164 4094 1257 4248 1gers

1115 4196 1207 4252 rutr
