2775 4792
256 443 574 539 Lucrnurrr
606 463 741 521 nrssr
773 464 833 519 ne
856 442 940 527 Ιιιι
962 442 1060 523 Der.
1139 470 1228 547 147*

154 604 265 703 igitur
291 605 554 723 providentiam
581 603 744 697 sustulit,
779 606 885 680 etiam
916 605 1033 681 Deum
1059 611 1208 705 negavit
1284 586 1290 601 ⁸

156 704 238 779 esse.
289 688 378 779 C'um
404 719 521 777 autem
541 704 659 779 Deum
684 658 754 778 ess’e
775 704 950 800 professus
972 706 1044 800 est,
1070 708 1207 802 &pro-

156 804 350 877 videntiam
373 804 470 875 fimul
498 801 567 877 effe
591 800 771 879 conceffit.
828 798 1022 878 Alterum
1017 807 1110 881 enim
1133 808 1206 881 fine

155 906 271 977 altero
285 924 353 976 nec
367 899 435 974 esse
448 900 606 994 prorsus,
618 923 686 975 nec
697 904 843 1007 intelllgl
862 905 990 997 potest.
1015 905 1184 977 Verum
1162 928 1205 982 ns

153 1003 279 1096 postea
293 1001 533 1116 temporibus,
561 1003 713 1092 quibus
699 1024 770 1094 Jam
786 998 1011 1097 philosophia
1029 1003 1207 1077 deflorue-
1263 1082 1267 1091 ,

154 1116 231 1195 rat,
259 1101 380 1174 extitit
392 1099 524 1171 Melius
538 1096 677 1190 quidam
690 1100 890 1198 Diagoras,
910 1125 969 1194 qur
960 1105 1120 1176 nullum
1137 1103 1206 1176 eise

155 1201 307 1273 omnino
331 1199 450 1272 Deum
477 1196 638 1293 diceret',
665 1202 715 1273 ob
741 1223 888 1291 eamque
912 1201 1121 1275 sententiam
1140 1224 1207 1274 no-

153 1302 308 1374 minatus
321 1295 372 1371 est
382 1295 545 1414 dicem
535 1312 620 1371 rtem
633 1298 826 1391 eyrenaeus
842 1298 1079 1376 Theodorus:
1099 1302 1206 1374 ambo

155 1400 240 1488 quia
237 1394 340 1469 nihil
354 1398 444 1470 novi
462 1410 632 1490 poterant
645 1400 825 1491 reperire,
844 1396 1033 1472 omnibus
1019 1412 1090 1491 jam
1107 1398 1206 1472 distis

156 1497 391 1587 &inventis,
416 1498 617 1569 maluerunt
643 1499 703 1569 vel
724 1510 853 1568 contra
877 1499 1065 1570 veritatem
1086 1499 1122 1571 id
1144 1515 1211 1572 ne-

157 1616 263 1691 gare,
289 1595 327 1667 in
345 1615 418 1687 quo
436 1596 575 1687 priores
595 1595 750 1667 universi
774 1595 846 1669 sme
869 1597 1118 1711 ambiguitate
1120 1618 1207 1670 con-

153 1691 348 1771 senserant
400 1693 429 1767 Ii
451 1691 554 1772 sunt,
580 1694 646 1785 qui
656 1706 717 1769 tot
734 1694 882 1789 seculis,
908 1708 968 1768 tot
986 1696 1137 1791 ingeniis
1159 1695 1208 1769 as·

154 1790 281 1867 sertam
298 1809 405 1884 atque
419 1791 596 1866 defensam
615 1793 881 1885 providentiam
898 1796 1099 1867 calumniati
1114 1795 1205 1872 sunt.

157 1892 256 1989 Quid
277 1888 390 1985 ergo?
423 1905 590 1973 utrumne
604 1891 690 1964 istos
706 1893 865 1965 minutos
885 1892 1069 1965 &inertes
1090 1894 1207 1985 philo·

153 1988 291 2082 sophos
315 1990 478 2079 ratione,
512 2010 556 2061 an
574 2010 665 2063 vero
686 1993 881 2063 autoritate
899 1990 1133 2082 prestantium
1153 1993 1208 2065 vi·

154 2108 280 2161 rorum
302 2084 531 2161 refellemus?
567 2109 610 2159 an
629 2090 752 2181 potius
772 2089 953 2189 utroque?
985 2090 1056 2163 Sed
1077 2110 1208 2185 prope·
1219 2132 1229 2149 v

133 2282 137 2292 Ι
155 2187 304 2317 tandum
319 2184 390 2279 est,
415 2207 463 2259 ne
476 2187 619 2281 longius
635 2208 655 2259 a
671 2188 817 2261 materia
831 2178 1019 2285 divagetur
1038 2192 1169 2267 oratio.

450 2552 457 2561 .
498 2470 590 2561 c'A
615 2489 643 2562 Ρ
667 2486 705 2562 U
729 2486 773 2562 ΤΙ
816 2486 864 2565 Χι
914 2522 926 2533 ·

183 2633 235 2704 De
251 2628 378 2702 Mundi
393 2644 465 2701 ortu
479 2628 518 2705 ὕ
536 2618 797 2721 tertianarum,
822 2629 863 2706 (5
882 2635 947 2718 Dei
964 2624 1183 2706 Providentia
1297 2690 1302 2697 .

251 2790 287 2862 ui
312 2789 443 2861 nolunt
464 2786 585 2860 diuina
607 2786 846 2881 providentia
858 2786 987 2863 fesium
1014 2788 1083 2862 eise
1106 2811 1208 2865 mun·

275 2888 379 2980 dum,
404 2900 465 2959 aut
480 2887 659 2982 principiis
678 2886 771 2963 inter
788 2884 823 2960 se
840 2902 975 2961 temere
993 2891 1206 2963 coeuntibus

157 2975 283 3062 dicunt
301 2984 369 3061 esse
388 2999 625 3079 concretum,
649 3001 710 3058 aut
723 3000 875 3079 repente
891 3001 1017 3060 natura
1028 2989 1205 3101 extitisse3

157 3103 320 3161 naturam
334 3106 447 3177 vero,
464 3100 505 3158 ut
515 3085 682 3177 Straton,
704 3086 887 3159 haberem
903 3085 1026 3159 sevrrn
1028 3078 1208 3183 gignendi

123 3198 125 3203 ’
161 3183 408 3258 diminuendi:
434 3139 491 3258 sed
510 3206 584 3257 eam
603 3206 671 3256 nec
690 3183 823 3257 sensum
836 3186 967 3258 babere
984 3188 1116 3278 ullum
1137 3208 1207 3259 nec

158 3281 330 3380 figuram
351 3297 394 3356 ut
406 3283 662 3377 intelligamus
682 3282 802 3355 omnia
817 3285 909 3376 quasr
923 3284 981 3355 sua
993 3282 1120 3377 sponte
1136 3283 1207 3356 eise

157 3394 354 3479 generata,
363 3381 465 3453 nullo
479 3378 634 3472 artrfice
653 3401 722 3453 nee
734 3397 872 3457 autore
922 3383 1125 3475 Utrumque
1143 3403 1208 3454 va·

157 3503 245 3558 num
259 3482 293 3554 dt
307 3478 524 3574 impoffibiie.
576 3479 645 3552 Sed
659 3481 732 3552 hoc
748 3483 871 3553 evenit
887 3482 1131 3577 ignorantibus
1145 3502 1208 3553 ve-

157 3581 325 3673 ritatem,
350 3592 397 3662 ut
410 3578 550 3670 quidvis
565 3581 688 3671 potius
706 3582 935 3675 excogitent,
962 3601 1064 3673 quam
1081 3579 1118 3650 id
1132 3577 1208 3651 sen·
1303 3670 1307 3677 ¹

129 3730 131 3739 ·
160 3674 254 3751 tiant
273 3678 370 3768 quod
392 3679 488 3779 tatio
512 3674 682 3771 deposcit.
740 3678 894 3751 Primum
917 3681 1050 3752 minuta
1074 3676 1132 3751 illa
1157 3677 1207 3751 se·

115 3810 117 3815 ·
158 3777 278 3865 mina,
302 3770 453 3866 quoru'rn
469 3769 643 3849 concursu
661 3778 815 3849 fortuito
833 3791 951 3849 totum
971 3774 1091 3849 coiisse
1106 3798 1207 3851 mun-

161 3878 247 3949 dum
269 3874 491 3970 loquuntur,
523 3878 584 3948 ubi
606 3890 667 3949 aut
688 3875 782 3950 unde
805 3876 891 3967 sint,
924 3895 1055 3965 quaero.
1114 3878 1207 3975 Quis

159 3976 222 4050 iila
236 3972 330 4047 vidit
343 3973 521 4065 unquam?
547 3978 624 4068 quis
640 3974 767 4048 sensit?
794 3977 870 4064 quis
879 3929 1052 4050 audivit?
1077 3973 1137 4048 nn
1152 3974 1208 4044 so·

159 4076 217 4151 lus
239 4068 446 4185 Leucippus
467 4076 602 4150 oculos
618 4072 772 4249 haggit?
809 4072 902 4146 solus
925 4073 1110 4150 mentem?
1148 4075 1219 4160 opi

740 4196 762 4250 2
1098 4186 1194 4261 pm·
1242 4238 1251 4245 .
