2775 4792
164 483 166 490 .
256 410 481 502 Latagum
498 424 609 490 tmen
624 417 681 490 ‚1³1
693 395 1120 488 Mutamusd’rasscum
1148 416 1218 496 sop

152 576 211 652 nit
227 574 269 648 ad
285 586 421 666 patrem
433 569 506 662 Jam
521 555 849 656 deficientem-qui
864 547 919 646 ei,'
935 560 1105 636 militibus
1118 578 1219 636 coma

153 673 346 767 mendato,
372 666 561 762 imperium
575 685 640 759 per
653 685 778 740 manus
798 663 963 752 tradidit3
990 661 1216 764 atqueitain
1275 657 1285 677 ‘

153 773 250 850 lesco
282 769 347 846 suo
379 769 540 861 requiem
570 765 685 860 vitae,
723 764 813 858 srcut
844 764 1023 857 optabat,
1049 765 1216 858 accepit.

153 873 330 968 Suscepto
352 868 530 962 Imperio,
557 862 811 941 Constantinus
829 859 1011 960 Augustus
1034 864 1126 946 nihii
1140 863 1216 960 egit

153 975 273 1067 prius,
302 992 406 1063 quam
422 963 641 1040 Christianos
660 967 761 1048 cultu
786 984 828 1038 ac
851 964 938 1038 Deo
962 961 1027 1037 suo
1049 962 1214 1050 reddere,-

154 1074 243 1152 Haec
259 1072 330 1147 suit
341 1070 455 1165 prima
467 1067 543 1160 eius
556 1062 688 1142 sanctio
700 1062 1018 1163 sanueruigionis
1031 1063 1215 1148 restituta.

613 1221 752 1302 XXV.

228 1371 354 1446 Paucis
370 1365 451 1464 post
466 1367 612 1462 diebus,
636 1367 795 1442 laureata
811 1366 931 1465 imago
949 1368 1025 1462 eJ‘us
1042 1372 1149 1447 allata
1162 1367 1218 1448 est

154 1472 201 1548 ad
217 1470 510 1558 malambestiam.
544 1467 775 1542 Deriberavit
793 1466 854 1538 diu
872 1487 918 1540 an
936 1465 1139 1563 susciperet.
1171 1472 1218 1560 In
1280 1505 1286 1530 ι

154 1594 205 1650 eo
227 1593 321 1666 pene
341 1591 398 1644 res
421 1569 511 1660 suit,
546 1580 588 1642 ut
610 1568 730 1660 illam,
762 1563 925 1660 &ipsum
947 1570 1009 1660 qui
1027 1574 1216 1668 attulerat,

133 1685 359 1761 exureret3·
383 1669 446 1743 nisi
471 1689 554 1742 eum
578 1666 682 1742 amici
699 1668 753 1741 -ab
774 1667 840 1766 iilp'
868 1665 1216 1770 surorefleiriss'ent,

155 1774 487 1848 admonentes'eum
502 1767 675 1860 periculi,
688 1766 790 1859 quod
805 1766 964 1848 universi
972 1769 1123 1867 milites,
1137 1775 1219 1865 qui·

152 1875 220 1947 bus
247 1870 397 1954 invitis,
430 1869 547 1963 ignoti
570 1865 724 1948 Caesar'es
750 1878 854 1940 erant
882 1866 991 1962 fasti,
1001 1881 1005 1888 '
1021 1868 1218 1965 suscepturi

154 1970 429 2046 Constantinum
445 1964 609 2057 fuissent,
636 1980 744 2058 atque
761 1966 901 2042 adeum
918 1966 1126 2044 concursuri
1146 1974 1217 2048 ala·

152 2073 285 2144 critate
305 2066 457 2157 summa,
479 2065 505 2139 ss
526 2063 864 2166 venissetarmatus.
909 2065 1076 2162 ¹Suscepit
1090 2072 1215 2165 itaque

150 2172 342 2266 imaginem
367 2166 559 2240 admodum
591 2166 757 2258 inuitus,
787 2178 895 2258 atque
924 2167 988 2261 ipsi
1019 2189 1217 2266 purpuram

151 2270 268 2365 mifit,
294 2281 336 2341 ut
360 2270 460 2340 ultro
482 2263 640 2340 ascivisse
662 2267 820 2342 illumin
844 2265 1054 2346 societatem
1074 2271 1217 2348 uidere·

152 2385 224 2444 tur.
282 2368 359 2464 Jam
380 2368 530 2440 torbatae
549 2368 709 2442 rationes
730 2366 807 2460 eJus
827 2367 994 2462 fuerant,
1011 2392 1088 2445 mec
1107 2390 1216 2465 pota

152 2484 211 2543 rat
231 2469 379 2541 alterum
398 2482 500 2540 extra
514 2488 701 2544 numerum
720 2488 951 2561 nuncupare,
977 2483 1019 2542 ut
1031 2474 1230 2566 voluerat„

112 2657 132 2670 .
153 2568 225 2644 Sed
249 2568 337 2642 illud
360 2567 609 2662 excogitavit,
634 2581 677 2639 ut
699 2565 900 2659 Seuerum,
926 2569 986 2660 qui
1010 2575 1089 2644 e'rat
1108 2583 1217 2650 aetate
1240 2613 1243 2618 ·

152 2669 348 2756 maturior,
365 2663 563 2762 Augustum
573 2681 818 2757 nuncuparet,
834 2665 1217 2748 contestinum-vero

152 2767 542 2859 nonlmperatorem,
573 2763 663 2836 ficut
688 2780 766 2838 erat
787 2763 927 2859 fedius,
958 2764 1019 2842 sed
1044 2769 1217 2854 Caesarem

152 2889 236 2942 cum
249 2864 452 2940 Maximino
470 2864 638 2958 appellari
651 2865 819 2962 juberet,
844 2881 887 2942 ut
901 2887 984 2943 eum
995 2870 1040 2945 de
1056 2868 1216 2954 secundo

149 2969 240 3044 loco
256 2967 426 3059 rejiceret
443 2965 482 3038 in
500 2981 689 3060 quartuus.¹
854 3001 857 3008 ·
1195 2963 1198 2970 ’

486 3123 490 3130 “
599 3123 784 3228 ΧΧῊ.Ι
1080 3223 1083 3228 .
1116 3207 1137 3228 Ι,

229 3264 447 3362 Composita
462 3264 498 3338 ei·
509 3286 566 3338 res
585 3264 743 3357 quodam
758 3265 871 3341 modo
887 3267 960 3360 jam
982 3271 1216 3372 videbantur,

105 3361 110 3370 ’
153 3391 236 3446 cum
267 3366 387 3442 subito
418 3366 471 3438 iili
501 3367 589 3439 alius
621 3381 743 3438 terror
768 3367 904 3441 adlatus
930 3371 1009 3465 est,
1042 3395 1217 3472 generum

149 3468 256 3563 ipsius
281 3466 508 3541 Maxentium
528 3463 656 3539 Romae
675 3464 804 3540 fabium
827 3469 1093 3562 imperatorem.
1146 3473 1219 3549 Cu·

147 3572 208 3662 jus
228 3573 349 3641 motus
375 3569 452 3641 haec
476 3565 547 3639 suit
568 3563 680 3638 causa
706 3563 830 3640 ..Cum
854 3568 1025 3647 statuisset
1044 3563 1216 3651 'censibus

151 3664 323 3741 institutis
343 3669 469 3742 orbem
486 3678 590 3738 terrae
607 3664 809 3758 devorare,
836 3670 879 3741 ad
894 3671 987 3745 hanc
1000 3693 1114 3762 usqua
1130 3695 1217 3768 pro·

151 3765 248 3843 fisuit
273 3763 465 3860 insaniam,
499 3780 541 3838 ut
565 3766 610 3837 ab
633 3765 702 3840 hac
727 3768 940 3861 captivitate
965 3793 1014 3846 ne
1037 3775 1216 3865 populum

152 3863 297 3962 quidem
322 3862 526 3944 Romanum
554 3860 632 3937 fieri
659 3867 772 3938 vellet
798 3868 999 3944 immunem.
1060 3867 1217 3950 Ordines

149 3966 284 4039 bantur
296 3964 367 4055 J'am
385 3961 609 4057 censitores,
629 3966 688 4056 qui
703 3963 856 4040 Romam
870 3968 953 4043 missa
970 3967 1213 4048 describerent

147 4067 316 4166 plebem.¹
333 4060 476 4142 Eodem
487 4063 564 4141 sere
577 4082 742 4162 tempore
759 4063 868 4144 castra
881 4087 1026 4168 quoque
1040 4070 1235 4243 Ρτξὲιὶλ,

156 4180 158 4186 ·
1088 4188 1123 4238 u
1149 4186 1198 4240 u-
