2775 4792
199 440 492 537 ,Lacranrrr
515 446 650 517 arran
675 457 731 512 na
759 428 979 517 Ontatcro
1005 432 1106 518 Det.
1135 465 1202 542 129

135 603 237 679 ¹uitae
250 604 360 676 beatae
378 599 507 688 statum
526 598 703 692 fpedlent3
716 599 764 701 Ιδε
782 601 923 694 quidem
942 618 1068 675 contra
1085 604 1201 697 philo·
1257 610 1260 618 '

148 699 309 795 sophos,
343 702 510 792 quoniam
537 693 617 771 sunt
644 699 688 771 ad
710 701 984 791 perturbandam
1010 704 1199 781 veritatem

148 797 336 894 perniciosi
358 798 392 870 dt
413 808 551 893 graves.
590 796 821 886 ⁸Incredibilis
841 794 934 873 enim
953 801 1008 872 vis
1029 803 1199 894 eloquen·
1271 842 1274 851 ·

149 901 227 991 tia,
246 898 288 971 ¹&
310 895 578 993 argumentandi
601 895 856 989 disserendique
882 896 1051 972 subtilitas
1078 922 1199 992 quem·

146 999 204 1069 vis
225 997 329 1070 facile
345 997 543 1088 deceperit:
566 1006 661 1086 'quos
682 999 808 1091 partim
828 995 956 1069 nostris
974 1001 1094 1089 armis,
1120 1021 1198 1092 par·

146 1097 211 1170 tim
236 1116 328 1169 vero
353 1115 397 1169 ex
419 1093 574 1188 ipsorum
595 1094 689 1167 iuter
710 1093 744 1167 se
762 1097 1038 1188 concertatione
1051 1097 1196 1190 sumptis

145 1196 392 1284 revincemus3
419 1207 461 1266 ut
476 1206 664 1365 appareat,
691 1214 756 1268 eos
773 1193 945 1270 induxilfe
960 1199 1082 1290 potius
1099 1218 1198 1280 erro-

143 1314 243 1384 rem,
271 1314 373 1386 quam
391 1292 503 1365 sustuli
534 1317 565 1370 e.
964 1366 984 1389 ⁸.

219 1389 378 1465 Fortalle
401 1392 562 1485 mireris,
597 1390 694 1484 quod
715 1402 850 1471 tantum
876 1391 1011 1466 facinus
1035 1393 1199 1472 audeant*

142 1489 369 1584 Patiemume
387 1492 492 1587 igitur
513 1492 693 1589 extingui,
728 1505 789 1565 aut
805 1494 958 1584 opprimi
979 1493 1194 1569 veritatem?
1272 1539 1275 1549 ·

144 1588 228 1686 Ego
256 1610 344 1664 vero
370 1591 537 1663 libentius
569 1594 629 1663 vel
658 1589 720 1663 fub
747 1591 820 1663 hoc
845 1610 959 1663 onere
991 1590 1196 1670 defecerim.

144 1686 240 1773 Nam
263 1689 286 1762 fi
309 1688 453 1762 Marcu's
478 1687 643 1782 Tullius,
679 1692 893 1785 eloquentiae
920 1689 1024 1786 ipfrus
1048 1695 1195 1766 unicum

143 1792 344 1882 exemplar,
371 1791 414 1862 ab
434 1786 587 1860 indodlis
607 1789 639 1860 u
658 1788 972 1883 ineloquentibus,
1000 1792 1058 1882 qui
1074 1806 1196 1865 tamen

142 1906 212 1982 pro
231 1892 323 1960 ver‘o
340 1888 564 1978 nitebantur,
592 1887 680 1980 saepe
695 1888 878 1978 superatus
899 1887 968 1978 est,
995 1908 1058 1958 cur
1072 1888 1197 1981 despea

142 2004 261 2061 remus
290 1987 479 2059 veritatem
505 1982 612 2078 ipsam
642 2000 774 2076 contra
797 1985 958 2059 fallacem
985 1987 1194 2077 captiosam·
1223 2042 1230 2051 .

120 2164 123 2171 ,
143 2102 215 2175 que
227 2084 431 2173 facundiam
447 2081 505 2155 sua
524 2085 668 2178 propria
685 2086 724 2157 vi
741 2084 775 2155 &
796 2087 957 2158 claritate
972 2084 1195 2177 valituram&

139 2181 197 2257 llli
220 2184 361 2275 quidem
382 2181 452 2255 sese
476 2197 651 2275 patronos
676 2184 847 2277 ueritatis¹
863 2181 1030 2278 profiteri
1055 2182 1193 2261 solent:

141 2280 201 2354 fed
220 2284 296 2373 quis
314 2282 432 2375 potest
446 2303 523 2356 eam
544 2302 618 2358 rem
640 2272 856 2373 defendere,
887 2304 989 2374 quam
1008 2284 1195 2375 nondidi-

142 2379 214 2473 cit,
247 2395 308 2455 aut
324 2379 495 2454 illustrare
513 2376 606 2474 apud
622 2383 732 2468 alios,
759 2382 858 2473 quod
872 2381 946 2472 ipse
959 2402 1037 2453 non
1054 2381 1193 2455 novit?

141 2480 314 2574 Magnum
335 2480 465 2553 videor
488 2480 670 2573 polliceri:
708 2478 765 2581 sed
792 2478 923 2553 caelesti
940 2500 1031 2572 opus
1048 2480 1097 2552 est
1115 2503 1192 2554 mu-

140 2598 249 2668 nere,
274 2588 315 2649 ut
334 2579 439 2650 nobis
458 2578 607 2669 facultas
630 2599 672 2651 ac
688 2589 827 2671 tempus¹
843 2578 1091 2672 adproposrta
1109 2600 1192 2671 per·
1245 2644 1255 2659 ,,

139 2674 319 2766 sequenda
351 2677 534 2748 tribuatur.
565 2674 710 2772 „Quod
734 2677 758 2748 fi
784 2678 860 2749 vita
884 2677 935 2749 est
960 2673 1117 2769 optanda
1143 2677 1192 2749 sa-

141 2774 277 2872 pienti,
303 2771 468 2867 profesto
489 2774 620 2847 nullam
640 2775 741 2847 aliam
760 2776 809 2847 ob
826 2774 962 2846 causam
981 2776 1106 2851 uiuere
1124 2795 1191 2868 op·

108 2898 117 2915 ·
142 2873 295 2947 taverim
310 2926 323 2964 ,
341 2892 452 2963 quam
473 2886 514 2944 ut
533 2868 823 2969 aliquidellici‘am
840 2873 938 2964 quod
957 2874 1032 2949 vita
1045 2872 1193 2970 dignum

141 2972 205 3063 stt,
233 2970 385 3063 &quod
407 2971 604 3044 utilitatem
619 2972 841 3069 lugentibus,
875 2970 936 3043 etsi
957 2992 1032 3045 non
1052 2974 1094 3045 ad
1113 2976 1192 3046 elo·

142 3070 343 3164 quentiam,
376 3071 592 3161 quietenuis
614 3070 778 3143 innubis
801 3068 971 3142 facundiae
996 3073 1095 3143 rivus
1121 3072 1187 3164 est,

126 3171 187 3265 ⁵ad
203 3169 399 3242 vivendum
417 3184 533 3242 tamen
549 3167 691 3242 afferat:
715 3170 815 3260 quod
834 3168 883 3240 est
899 3171 1049 3269 maxime
1068 3173 1189 3245 neccs-

142 3268 279 3344 sarium.
331 3269 417 3362 Quo
438 3266 619 3359 perfetio,
647 3266 726 3339 satis
749 3290 806 3341 me
828 3266 950 3340 vixille
972 3270 1187 3362 arbitrabor,

143 3368 178 3441 dt
201 3365 356 3440 officium
377 3367 528 3440 hominis
553 3364 731 3459 implelle,
763 3366 786 3437 fi
805 3367 907 3439 labor
926 3388 1023 3440 meus
1047 3368 1185 3459 aliquos

141 3466 304 3542 homines
336 3467 380 3541 ab
408 3467 586 3539 erroribus
611 3467 783 3539 liberatos
809 3465 853 3538 ad
877 3467 944 3539 iter
970 3464 1108 3541 coeleste
1134 3466 1185 3539 di·

141 3567 285 3642 rexerit.
456 3580 458 3585 ·
876 3566 883 3577 ’
1100 3594 1103 3601 ·

491 3809 837 3839 m

492 3841 836 3863 m

178 4120 351 4245 taum.
371 4137 513 4238 'nnn
692 4159 715 4240 1
919 4094 1167 4245 tutunu-
