2775 4792
312 374 584 497 Lactnu'ntt
609 407 750 498 otton
767 408 822 463 on
846 385 925 465 Ina
949 387 1049 467 Dm.
1083 427 1087 431 ·
1137 412 1205 486 151

159 640 163 649 ι
204 543 384 643 ¹Deinde,
411 548 497 625 fiex
515 551 748 626 invisibilibus
764 549 865 644 sunt,
892 572 970 643 qua
985 571 1062 624 non
1078 550 1206 626 viden·
1244 598 1249 619 t

144 657 230 741 tur,
255 646 475 742 consequens
496 650 567 743 est,
593 662 634 724 ut
655 672 701 726 ex
720 650 916 731 visibilibus
936 648 1024 742 snt,
1052 670 1127 740 qua
1148 655 1202 725 vi·

145 748 294 838 dentum
319 767 384 823 cur
409 744 516 845 igitur
537 771 646 824 nemo
666 748 793 823 videt?
829 749 897 824 Sed
920 746 994 821 five
1013 749 1200 825 inuisibilia

148 867 224 937 quae
239 844 370 920 suntin
385 847 532 921 homine
547 848 766 941 confideret,
792 850 865 923 five
880 846 1093 940 tractabilia,
1120 871 1198 941 quac

131 946 300 1019 vveniunt
314 943 376 1019 sub
392 945 585 1038 aspectum,
617 948 924 1042 rationeutraque
942 944 1104 1021 constare
1119 952 1195 1039 quis

141 1044 221 1119 non'
245 1042 377 1118 videti
413 1045 614 1146 Quomodo
641 1065 728 1144 ergo
753 1046 830 1121 ,stne
858 1048 999 1120 ratione
1027 1050 1196 1121 coeuntia

141 1141 290 1237 poss‘unt
310 1145 440 1237 aliquid
454 1144 597 1222 efficere
611 1146 817 1222 rationale?
844 1146 1016 1221 Videmus
1036 1148 1130 1220 enim
1144 1148 1197 1219 ni·

139 1244 191 1316 hil
213 1240 283 1343 ess'e
299 1243 342 1316 in·
360 1242 633 1338 omnimodo,
660 1245 759 1340 quod
778 1267 854 1319 non
871 1247 1000 1319 habeat
1012 1246 1054 1317 in
1069 1245 1103 1319 se
1123 1262 1195 1318 ma·

137 1341 281 1417 ximant·
292 1343 557 1435 mirabilemque
578 1346 780 1421 rationem..
828 1344 946 1443 Quae,
983 1348 1063 1435 quia
1091 1342 1194 1440 supra

137 1439 297 1525 hominis
313 1440 450 1549 ⁸sensum
472 1442 707 1541 &ingenium
728 1440 798 1535 est,
833 1442 889 1517 cui
905 1441 1055 1535 rectius,
1087 1464 1192 1534 quam
1240 1452 1255 1491 -“

138 1539 272 1613 divinae
294 1541 534 1634 providentiae
558 1542 747 1616 tribuenda
772 1540 823 1615 est
836 1540 854 1615 2
869 1602 872 1607 .
890 1540 952 1614 An
973 1542 1194 1633 simulacrum

117 1639 294 1723 hominis
316 1639 351 1713 ot
371 1639 524 1733 statuam„
541 1643 636 1714 ratio
660 1641 695 1716 &
717 1662 772 1715 ars
793 1638 1053 1737 tinguentium
1076 1641 1191 1714 homi-

122 1748 220 1829 nem
246 1737 290 1814 de
313 1736 431 1817 nostis
457 1754 598 1817 temere
620 1743 917 1829 concurrentibus
944 1738 1022 1814 fieri
1048 1736 1190 1832 'putabi-

134 1836 244 1939 musi
268 1835 318 1912 Et
333 1840 417 1931 quid
433 1840 543 1913 fimile
556 1840 721 1914 veritatis
740 1841 777 1912 in
792 1837 897 1930 ficio,
924 1859 1004 1912 cum
1021 1837 1190 1937 summum

139 1935 369 2011 &excellens
382 1936 569 2025 artificium
581 1939 672 2027 nihil
685 1939 800 2031 aliud,
824 1937 886 2012 nist
903 1937 1109 2011 umbram&
1130 1959 1190 2009 ex-

137 2049 253 2109 trema
278 2039 442 2131 corporis
464 2038 677 2114 lineamenta
699 2035 803 2131 poffit
825 2034 979 2111 imitati?
1005 2034 1103 2107 Num
1122 2034 1189 2128 p'o-

135 2137 208 2225 tuit
230 2135 382 2210 humana
395 2132 546 2231 ,solertia
567 2137 652 2212 dare
675 2136 777 2230 operi
787 2130 861 2221 ‚suo
883 2149 944 2209 aut
965 2150 1104 2209 motum
1128 2134 1190 2206 ali·

135 2237 274 2329 quem,'
287 2247 349 2308 aut
361 2233 522 2325 unium?
550 2234 694 2318 Omitto
708 2236 805 2309 usum
822 2234 988 2328 videndi,
1007 2234 1202 2331 audiendi,-

135 2333 337 2425 odorandi,
354 2337 925 2428 -caetetorumquemembrorum,'
941 2335 1002 2407 vel
1016 2354 1190 2429 apparen-

136 2434 247 2523 tium,
271 2435 560 2529 volutantium,
586 2435 763 2529 mirabiles
780 2435 964 2507 utilitates.
1022 2434 1112 2528 Quis
1136 2451 1188 2503 ar·
1220 2444 1223 2451 ·

137 2530 229 2603 tifex
246 2535 388 2626 potuit,
409 2548 469 2607 aut
485 2546 549 2607 cot
563 2518 738 2626 hominis,
755 2549 816 2606 aut
832 2544 986 2622 vocem,
1004 2545 1065 2604 aut
1080 2529 1201 2629 ipsam·
1224 2617 1228 2626 ‚

135 2629 312 2715 fabricare
333 2628 565 2723 sapientiam?
599 2634 843 2727 Quisquamne
862 2631 969 2725 igitur
991 2626 1091 2700 sanus
1115 2630 1188 2700 exi·

133 2728 255 2803 stimat
267 2774 287 2810 „
313 2727 411 2820 quod
434 2729 546 2802 homo
572 2731 713 2802 ratione
737 2730 772 2802 δι
795 2728 943 2808 consilio
966 2727 1086 2798 facere
1108 2746 1187 2799 non
1233 2722 1239 2733 ’

135 2826 266 2922 poffit,
299 2827 336 2901 id
358 2827 532 2901 concursu
556 2844 760 2913 atomorum
787 2828 901 2922 paffitn
929 2825 1186 2907 coherentium

137 2922 264 3023 perfici
287 2926 478 3022 potuiise?¹
501 2928 621 3015 Vides¹
638 2928 675 3000 in
702 2947 778 3017 quae
803 2925 1030 3000 deliramenta
1053 2923 1198 3001 incide,

134 3029 231 3119 rint,
256 3025 339 3101 dum
359 3028 491 3102 nolunt
509 3024 744 3102 effectionem
758 3044 948 3119 curamque
965 3042 1084 3098 rerum
1099 3023 1183 3096 Deo

136 3126 232 3199 dare.
678 3174 680 3179 -
870 3132 873 3137 ’
1048 3184 1052 3190 .
1188 3136 1193 3147 ’

211 3223 458 3299 Concedamtta
482 3238 601 3299 tamen
621 3224 697 3315 his,
722 3237 763 3296 ut
785 3218 829 3297 ex‘
852 3223 979 3296 atomis
1001 3219 1087 3303 fiant
1107 3241 1184 3311 quae
1281 3251 1284 3263 ·

135 3337 278 3399 terrena
294 3321 389 3396 sunt:
415 3344 498 3397 num
515 3326 619 3407 etiam
635 3320 813 3395 coelestia?
838 3322 940 3394 Deos
957 3323 1053 3413 ajunt
1066 3323 1184 3391 incor·
1254 3366 1262 3405 ,

136 3439 286 3517 nuptos,
311 3437 490 3515 aetetnos,
517 3427 645 3496 beatos
664 3419 754 3507 eise3
788 3419 941 3511 solisque
957 3420 1041 3492 dant
1058 3419 1181 3488 immu-

134 3524 306 3615 nitatem,
339 3543 386 3595 ne
413 3520 587 3594 concursu
612 3537 816 3594 atomorum
840 3519 1003 3591 concreti
1035 3504 1104 3588 este
1130 3516 1183 3586 vi·

136 3621 296 3695 deantur.
353 3620 389 3692 Si
409 3623 503 3713 'enim
527 3620 587 3710 Dii
608 3640 752 3711 quoque
775 3641 820 3692 ex
841 3619 909 3690 illie
936 3612 1181 3707 constitissent,

137 3717 342 3813 dissipabiles
354 3718 504 3810 fierent,
522 3717 709 3795 seminibus
723 3717 908 3810 aliqnando
925 3713 1110 3803 resolutis,
1131 3727 1201 3784 at..

136 3834 162 3911 q
224 3817 261 3887 in
278 3834 437 3895 naturam
452 3818 547 3893 suam
566 3818 843 3893 revertentibus.
892 3813 991 3909 Ergo
1009 3812 1033 3883 st
1054 3809 1103 3884 est
1123 3815 1181 3885 ali-

137 3940 163 4007 q
202 3914 263 4007 tt‚‚
281 3917 376 4006 quod
400 3920 510 3999 atomi
532 3940 608 3991 non
626 3915 841 4009 effecerint,
877 3933 939 3984 cur
958 3932 1035 3984 non
1053 3924 1181 3984 catera
1256 3944 1261 3955 ·

121 4016 268 4097 eodem
294 4016 405 4091 modo
433 4010 701 4187 intelligamufzi
737 4014 809 4091 Sed
825 4031 961 4106 'quaero
994 4027 1181 4100 antequam

708 4137 734 4204 4
1034 4129 1136 4185 mun·
1239 4170 1244 4177 ,
