<?xml version="1.0" encoding="UTF-8"?>
<!DOCTYPE html PUBLIC "-//W3C//DTD XHTML 1.0 Transitional//EN"
    "http://www.w3.org/TR/xhtml1/DTD/xhtml1-transitional.dtd">
<html xmlns="http://www.w3.org/1999/xhtml" xml:lang="en" lang="en">
 <head>
  <title>
</title>
<meta http-equiv="Content-Type" content="text/html;charset=utf-8" />
  <meta name='ocr-system' content='tesseract 3.04.00' />
  <meta name='ocr-capabilities' content='ocr_page ocr_carea ocr_par ocr_line ocrx_word'/>
</head>
<body>
  <div class='ocr_page' id='page_1' title='image "./operaomniasanct05librgoog/operaomniasanct05librgoog_0060.png"; bbox 0 0 2775 4792; ppageno 0'>
   <div class='ocr_carea' id='block_1_1' title="bbox 330 328 391 381">
    <p class='ocr_par' dir='ltr' id='par_1_1' title="bbox 330 328 391 381">
     <span class='ocr_line' id='line_1_1' title="bbox 330 328 391 381; baseline 0 0"><span class='ocrx_word' id='word_1_1' title='bbox 330 328 391 381; x_wconf 85' lang='lat' dir='ltr'>..l&#39;</span> 
     </span>
    </p>
   </div>
   <div class='ocr_carea' id='block_1_2' title="bbox 203 418 1302 545">
    <p class='ocr_par' dir='ltr' id='par_1_2' title="bbox 203 418 1302 545">
     <span class='ocr_line' id='line_1_2' title="bbox 203 418 1302 545; baseline -0.002 -19"><span class='ocrx_word' id='word_1_2' title='bbox 203 472 255 545; x_wconf 77' lang='lat'>50</span> <span class='ocrx_word' id='word_1_3' title='bbox 283 418 968 527; x_wconf 32' lang='lat' dir='ltr'>Lacrsurrr*Ersuounnrvrrn</span> <span class='ocrx_word' id='word_1_4' title='bbox 994 442 1240 528; x_wconf 84' lang='lat' dir='ltr'>Iu&#39;srrrur.</span> <span class='ocrx_word' id='word_1_5' title='bbox 1299 444 1302 451; x_wconf 83' lang='lat'>&#39;</span> 
     </span>
    </p>
   </div>
   <div class='ocr_carea' id='block_1_3' title="bbox 116 602 1271 1403">
    <p class='ocr_par' dir='ltr' id='par_1_3' title="bbox 134 602 1266 902">
     <span class='ocr_line' id='line_1_3' title="bbox 134 602 1266 704; baseline -0.003 -15"><span class='ocrx_word' id='word_1_6' title='bbox 134 629 136 635; x_wconf 86' lang='grc'><strong><em>·</em></strong></span> <span class='ocrx_word' id='word_1_7' title='bbox 206 611 520 689; x_wconf 78' lang='lat' dir='ltr'>docerenfacere</span> <span class='ocrx_word' id='word_1_8' title='bbox 533 602 715 686; x_wconf 87' lang='lat' dir='ltr'>debuerat</span> <span class='ocrx_word' id='word_1_9' title='bbox 748 608 1010 704; x_wconf 69' lang='lat' dir='ltr'>Sed31icorpua</span> <span class='ocrx_word' id='word_1_10' title='bbox 1020 609 1175 684; x_wconf 90' lang='lat' dir='ltr'>hominis</span> <span class='ocrx_word' id='word_1_11' title='bbox 1187 630 1266 686; x_wconf 89' lang='lat' dir='ltr'>non</span> 
     </span>
     <span class='ocr_line' id='line_1_4' title="bbox 205 707 1265 805; baseline -0.005 -18"><span class='ocrx_word' id='word_1_12' title='bbox 205 710 394 805; x_wconf 86' lang='lat' dir='ltr'>induisset,</span> <span class='ocrx_word' id='word_1_13' title='bbox 414 732 491 784; x_wconf 93' lang='lat' dir='ltr'>non</span> <span class='ocrx_word' id='word_1_14' title='bbox 503 707 678 803; x_wconf 85' lang='lat' dir='ltr'>potuisset·</span> <span class='ocrx_word' id='word_1_15' title='bbox 693 709 834 802; x_wconf 81' lang='lat' dir='ltr'>facere,</span> <span class='ocrx_word' id='word_1_16' title='bbox 852 729 929 801; x_wconf 84' lang='lat' dir='ltr'>quae</span> <span class='ocrx_word' id='word_1_17' title='bbox 943 709 1119 797; x_wconf 82' lang='lat' dir='ltr'>docebat3</span> <span class='ocrx_word' id='word_1_18' title='bbox 1145 709 1180 782; x_wconf 92' lang='lat' dir='ltr'>id</span> <span class='ocrx_word' id='word_1_19' title='bbox 1200 710 1265 805; x_wconf 80' lang='lat' dir='ltr'>esi,</span> 
     </span>
     <span class='ocr_line' id='line_1_5' title="bbox 205 807 1265 902; baseline -0.005 -13"><span class='ocrx_word' id='word_1_20' title='bbox 205 807 420 901; x_wconf 79' lang='lat' dir='ltr'>nominasti,</span> <span class='ocrx_word' id='word_1_21' title='bbox 446 828 524 883; x_wconf 91' lang='lat' dir='ltr'>non</span> <span class='ocrx_word' id='word_1_22' title='bbox 542 830 674 902; x_wconf 89' lang='lat' dir='ltr'>cupere</span> <span class='ocrx_word' id='word_1_23' title='bbox 691 810 853 891; x_wconf 88' lang='lat' dir='ltr'>divitias,</span> <span class='ocrx_word' id='word_1_24' title='bbox 879 828 956 881; x_wconf 90' lang='lat' dir='ltr'>nou</span> <span class='ocrx_word' id='word_1_25' title='bbox 969 808 1114 881; x_wconf 81' lang='lat' dir='ltr'>libidine</span> <span class='ocrx_word' id='word_1_26' title='bbox 1129 809 1265 885; x_wconf 86' lang='lat' dir='ltr'>inflam-</span> 
     </span>
    </p>

    <p class='ocr_par' dir='ltr' id='par_1_4' title="bbox 174 909 1271 1005">
     <span class='ocr_line' id='line_1_6' title="bbox 174 909 1271 1005; baseline -0.005 -18"><span class='ocrx_word' id='word_1_27' title='bbox 174 998 176 1005; x_wconf 45' lang='grc'>,</span> <span class='ocrx_word' id='word_1_28' title='bbox 204 912 333 1004; x_wconf 83' lang='lat' dir='ltr'>mati,.</span> <span class='ocrx_word' id='word_1_29' title='bbox 354 910 520 983; x_wconf 85' lang='lat' dir='ltr'>dolorem</span> <span class='ocrx_word' id='word_1_30' title='bbox 545 930 622 983; x_wconf 91' lang='lat' dir='ltr'>non</span> <span class='ocrx_word' id='word_1_31' title='bbox 648 909 800 999; x_wconf 85' lang='lat' dir='ltr'>timere,</span> <span class='ocrx_word' id='word_1_32' title='bbox 833 920 1271 986; x_wconf 77' lang='lat' dir='ltr'>mortem&#39;contemnere.·</span> 
     </span>
    </p>

    <p class='ocr_par' dir='ltr' id='par_1_5' title="bbox 206 1003 1270 1105">
     <span class='ocr_line' id='line_1_7' title="bbox 206 1003 1270 1105; baseline -0.001 -21"><span class='ocrx_word' id='word_1_33' title='bbox 206 1010 296 1085; x_wconf 84' lang='lat' dir='ltr'>Haec</span> <span class='ocrx_word' id='word_1_34' title='bbox 321 1007 400 1083; x_wconf 91' lang='lat' dir='ltr'>sunt</span> <span class='ocrx_word' id='word_1_35' title='bbox 424 1008 549 1101; x_wconf 89' lang='lat' dir='ltr'>utique</span> <span class='ocrx_word' id='word_1_36' title='bbox 572 1010 749 1081; x_wconf 82' lang='lat' dir='ltr'>virtutes:</span> <span class='ocrx_word' id='word_1_37' title='bbox 776 1006 843 1105; x_wconf 90' lang='lat' dir='ltr'>sed</span> <span class='ocrx_word' id='word_1_38' title='bbox 864 1003 941 1080; x_wconf 87' lang='lat' dir='ltr'>fieri</span> <span class='ocrx_word' id='word_1_39' title='bbox 963 1004 1037 1080; x_wconf 85' lang='lat' dir='ltr'>fine</span> <span class='ocrx_word' id='word_1_40' title='bbox 1044 1024 1047 1029; x_wconf 82' lang='grc'><strong>’</strong></span> <span class='ocrx_word' id='word_1_41' title='bbox 1061 1016 1167 1090; x_wconf 82' lang='lat' dir='ltr'>carue</span> <span class='ocrx_word' id='word_1_42' title='bbox 1187 1028 1270 1084; x_wconf 81' lang='lat' dir='ltr'>nun</span> 
     </span>
    </p>

    <p class='ocr_par' dir='ltr' id='par_1_6' title="bbox 116 1104 1266 1206">
     <span class='ocr_line' id='line_1_8' title="bbox 116 1104 1266 1206; baseline 0 -23"><span class='ocrx_word' id='word_1_43' title='bbox 116 1134 119 1141; x_wconf 89' lang='lat'>·</span> <span class='ocrx_word' id='word_1_44' title='bbox 206 1108 363 1204; x_wconf 82' lang='lat' dir='ltr'>possunt.</span> <span class='ocrx_word' id='word_1_45' title='bbox 404 1106 504 1206; x_wconf 86' lang='lat' dir='ltr'>Ergo</span> <span class='ocrx_word' id='word_1_46' title='bbox 519 1109 602 1181; x_wconf 89' lang='lat' dir='ltr'>ideo</span> <span class='ocrx_word' id='word_1_47' title='bbox 614 1121 832 1201; x_wconf 86' lang='lat' dir='ltr'>corporatus</span> <span class='ocrx_word' id='word_1_48' title='bbox 847 1104 917 1199; x_wconf 84' lang='lat' dir='ltr'>est,</span> <span class='ocrx_word' id='word_1_49' title='bbox 937 1120 980 1178; x_wconf 92' lang='lat' dir='ltr'>ut</span> <span class='ocrx_word' id='word_1_50' title='bbox 991 1127 1072 1182; x_wconf 91' lang='lat' dir='ltr'>cum</span> <span class='ocrx_word' id='word_1_51' title='bbox 1087 1108 1266 1201; x_wconf 83' lang='lat' dir='ltr'>vincenda</span> 
     </span>
    </p>

    <p class='ocr_par' dir='ltr' id='par_1_7' title="bbox 206 1204 1267 1403">
     <span class='ocr_line' id='line_1_9' title="bbox 206 1204 1267 1309; baseline -0.006 -26"><span class='ocrx_word' id='word_1_52' title='bbox 206 1208 278 1283; x_wconf 82' lang='lat' dir='ltr'>elle</span> <span class='ocrx_word' id='word_1_53' title='bbox 301 1206 416 1309; x_wconf 79' lang='lat' dir='ltr'>earnis</span> <span class='ocrx_word' id='word_1_54' title='bbox 440 1207 609 1281; x_wconf 86' lang='lat' dir='ltr'>desideria</span> <span class='ocrx_word' id='word_1_55' title='bbox 631 1208 802 1297; x_wconf 84' lang='lat' dir='ltr'>doceret,</span> <span class='ocrx_word' id='word_1_56' title='bbox 829 1204 902 1302; x_wconf 88' lang='lat' dir='ltr'>ipse</span> <span class='ocrx_word' id='word_1_57' title='bbox 917 1204 1055 1285; x_wconf 84' lang='lat' dir='ltr'>faceret</span> <span class='ocrx_word' id='word_1_58' title='bbox 1071 1208 1190 1301; x_wconf 84' lang='lat' dir='ltr'>prior,</span> <span class='ocrx_word' id='word_1_59' title='bbox 1217 1230 1267 1307; x_wconf 71' lang='lat' dir='ltr'>ne</span> 
     </span>
     <span class='ocr_line' id='line_1_10' title="bbox 206 1305 1240 1403; baseline 0.003 -21"><span class='ocrx_word' id='word_1_60' title='bbox 206 1310 285 1401; x_wconf 89' lang='lat' dir='ltr'>quis</span> <span class='ocrx_word' id='word_1_61' title='bbox 303 1306 571 1383; x_wconf 86' lang='lat' dir='ltr'>excusationem</span> <span class='ocrx_word' id='word_1_62' title='bbox 588 1307 634 1381; x_wconf 85' lang='lat' dir='ltr'>de</span> <span class='ocrx_word' id='word_1_63' title='bbox 650 1309 764 1382; x_wconf 87' lang='lat' dir='ltr'>carnis</span> <span class='ocrx_word' id='word_1_64' title='bbox 779 1305 971 1403; x_wconf 84' lang='lat' dir='ltr'>fragilitate</span> <span class='ocrx_word' id='word_1_65' title='bbox 986 1306 1240 1399; x_wconf 77' lang='lat' dir='ltr'>ptaetendet&#39;et.</span> 
     </span>
    </p>
   </div>
   <div class='ocr_carea' id='block_1_4' title="bbox 418 1805 1088 1931">
    <p class='ocr_par' dir='ltr' id='par_1_8' title="bbox 418 1805 1088 1931">
     <span class='ocr_line' id='line_1_11' title="bbox 418 1805 1088 1931; baseline -0.01 -47"><span class='ocrx_word' id='word_1_66' title='bbox 418 1820 442 1931; x_wconf 37' lang='grc' dir='ltr'><em>Ἰ</em></span> <span class='ocrx_word' id='word_1_67' title='bbox 481 1812 534 1883; x_wconf 82' lang='lat' dir='ltr'>De</span> <span class='ocrx_word' id='word_1_68' title='bbox 561 1805 679 1902; x_wconf 65' lang='lat' dir='ltr'>Charisi</span> <span class='ocrx_word' id='word_1_69' title='bbox 705 1820 804 1879; x_wconf 83' lang='lat' dir='ltr'>morte</span> <span class='ocrx_word' id='word_1_70' title='bbox 835 1809 873 1877; x_wconf 84' lang='lat' dir='ltr'>in</span> <span class='ocrx_word' id='word_1_71' title='bbox 896 1826 991 1880; x_wconf 82' lang='lat' dir='ltr'>cruce.</span> <span class='ocrx_word' id='word_1_72' title='bbox 1085 1851 1088 1855; x_wconf 84' lang='lat'><em>—</em></span> 
     </span>
    </p>
   </div>
   <div class='ocr_carea' id='block_1_5' title="bbox 109 2003 1288 4267">
    <p class='ocr_par' dir='ltr' id='par_1_9' title="bbox 234 2003 1264 2200">
     <span class='ocr_line' id='line_1_12' title="bbox 234 2003 1264 2099; baseline 0.001 -18"><span class='ocrx_word' id='word_1_73' title='bbox 234 2010 236 2016; x_wconf 85' lang='lat'>&#39;</span> <span class='ocrx_word' id='word_1_74' title='bbox 283 2008 374 2082; x_wconf 88' lang='lat' dir='ltr'>icam</span> <span class='ocrx_word' id='word_1_75' title='bbox 392 2027 490 2081; x_wconf 89' lang='lat' dir='ltr'>nunc</span> <span class='ocrx_word' id='word_1_76' title='bbox 511 2006 556 2081; x_wconf 90' lang='lat' dir='ltr'>de</span> <span class='ocrx_word' id='word_1_77' title='bbox 574 2004 795 2081; x_wconf 83' lang='lat' dir='ltr'>sacramento</span> <span class='ocrx_word' id='word_1_78' title='bbox 821 2003 962 2098; x_wconf 88' lang='lat' dir='ltr'>crucis,</span> <span class='ocrx_word' id='word_1_79' title='bbox 993 2005 1139 2099; x_wconf 88' lang='lat' dir='ltr'>nequis</span> <span class='ocrx_word' id='word_1_80' title='bbox 1163 2003 1264 2083; x_wconf 87' lang='lat' dir='ltr'>forte</span> 
     </span>
     <span class='ocr_line' id='line_1_13' title="bbox 309 2104 1264 2200; baseline 0.001 -20"><span class='ocrx_word' id='word_1_81' title='bbox 309 2109 425 2181; x_wconf 86' lang='lat' dir='ltr'>dicat:</span> <span class='ocrx_word' id='word_1_82' title='bbox 450 2107 475 2179; x_wconf 82' lang='lat' dir='ltr'>st</span> <span class='ocrx_word' id='word_1_83' title='bbox 497 2104 715 2200; x_wconf 86' lang='lat' dir='ltr'>suscipienda</span> <span class='ocrx_word' id='word_1_84' title='bbox 739 2104 791 2178; x_wconf 91' lang='lat' dir='ltr'>illi</span> <span class='ocrx_word' id='word_1_85' title='bbox 815 2126 913 2180; x_wconf 81' lang='lat' dir='ltr'>mors</span> <span class='ocrx_word' id='word_1_86' title='bbox 933 2104 1074 2199; x_wconf 79' lang='lat' dir='ltr'>fuerat,</span> <span class='ocrx_word' id='word_1_87' title='bbox 1099 2126 1174 2179; x_wconf 91' lang='lat' dir='ltr'>non</span> <span class='ocrx_word' id='word_1_88' title='bbox 1194 2111 1264 2182; x_wconf 89' lang='lat' dir='ltr'>uti·</span> 
     </span>
    </p>

    <p class='ocr_par' dir='ltr' id='par_1_10' title="bbox 208 2204 1296 2305">
     <span class='ocr_line' id='line_1_14' title="bbox 208 2204 1263 2305; baseline 0.003 -25"><span class='ocrx_word' id='word_1_89' title='bbox 208 2228 278 2300; x_wconf 91' lang='lat' dir='ltr'>que</span> <span class='ocrx_word' id='word_1_90' title='bbox 294 2204 432 2280; x_wconf 85' lang='lat' dir='ltr'>infamis</span> <span class='ocrx_word' id='word_1_91' title='bbox 451 2227 493 2305; x_wconf 88' lang='lat' dir='ltr'>ac</span> <span class='ocrx_word' id='word_1_92' title='bbox 511 2208 644 2299; x_wconf 83' lang='lat' dir='ltr'>turpis,</span> <span class='ocrx_word' id='word_1_93' title='bbox 671 2204 729 2279; x_wconf 93' lang='lat' dir='ltr'>sed</span> <span class='ocrx_word' id='word_1_94' title='bbox 745 2225 822 2295; x_wconf 81' lang='lat' dir='ltr'>quae</span> <span class='ocrx_word' id='word_1_95' title='bbox 838 2205 986 2279; x_wconf 87' lang='lat' dir='ltr'>haberet</span> <span class='ocrx_word' id='word_1_96' title='bbox 1003 2206 1133 2298; x_wconf 87' lang='lat' dir='ltr'>aliquid</span> <span class='ocrx_word' id='word_1_97' title='bbox 1146 2206 1296 2283; x_wconf 78' lang='lat' dir='ltr'>irone.</span> 
     </span>
    </p>

    <p class='ocr_par' dir='ltr' id='par_1_11' title="bbox 109 2304 1276 2703">
     <span class='ocr_line' id='line_1_15' title="bbox 109 2304 1276 2403; baseline 0 -21"><span class='ocrx_word' id='word_1_98' title='bbox 109 2332 114 2344; x_wconf 71' lang='lat'><strong><em>¹</em></strong></span> <span class='ocrx_word' id='word_1_99' title='bbox 177 2392 180 2403; x_wconf 31' lang='lat'><strong>¹</strong></span> <span class='ocrx_word' id='word_1_100' title='bbox 206 2307 315 2382; x_wconf 90' lang='lat' dir='ltr'>statis.</span> <span class='ocrx_word' id='word_1_101' title='bbox 367 2307 451 2380; x_wconf 85' lang='lat' dir='ltr'>Scio</span> <span class='ocrx_word' id='word_1_102' title='bbox 468 2305 630 2397; x_wconf 86' lang='lat' dir='ltr'>equidem</span> <span class='ocrx_word' id='word_1_103' title='bbox 643 2306 798 2396; x_wconf 85' lang='lat' dir='ltr'>multos,</span> <span class='ocrx_word' id='word_1_104' title='bbox 817 2304 899 2377; x_wconf 93' lang='lat' dir='ltr'>dum</span> <span class='ocrx_word' id='word_1_105' title='bbox 917 2307 1113 2378; x_wconf 87' lang='lat' dir='ltr'>abhorrent</span> <span class='ocrx_word' id='word_1_106' title='bbox 1126 2327 1276 2382; x_wconf 90' lang='lat' dir='ltr'>nomen·</span> 
     </span>
     <span class='ocr_line' id='line_1_16' title="bbox 182 2405 1262 2503; baseline 0.002 -24"><span class='ocrx_word' id='word_1_107' title='bbox 182 2407 352 2485; x_wconf 83' lang='lat' dir='ltr'>crucis,</span> <span class='ocrx_word' id='word_1_108' title='bbox 378 2405 552 2503; x_wconf 63' lang='lat' dir='ltr'>⁴refugere</span> <span class='ocrx_word' id='word_1_109' title='bbox 578 2405 802 2494; x_wconf 70' lang='lat' dir='ltr'>averitate,</span> <span class='ocrx_word' id='word_1_110' title='bbox 835 2424 915 2497; x_wconf 87' lang='lat' dir='ltr'>cum</span> <span class='ocrx_word' id='word_1_111' title='bbox 940 2405 977 2476; x_wconf 92' lang='lat' dir='ltr'>in</span> <span class='ocrx_word' id='word_1_112' title='bbox 1002 2424 1068 2495; x_wconf 84' lang='lat' dir='ltr'>ea,</span> <span class='ocrx_word' id='word_1_113' title='bbox 1106 2406 1138 2477; x_wconf 91' lang='lat'>&amp;</span> <span class='ocrx_word' id='word_1_114' title='bbox 1166 2410 1262 2481; x_wconf 85' lang='lat' dir='ltr'>ratio</span> 
     </span>
     <span class='ocr_line' id='line_1_17' title="bbox 206 2502 1261 2602; baseline -0.001 -22"><span class='ocrx_word' id='word_1_115' title='bbox 206 2520 331 2602; x_wconf 82' lang='lat' dir='ltr'>magna</span> <span class='ocrx_word' id='word_1_116' title='bbox 343 2505 386 2579; x_wconf 87' lang='lat' dir='ltr'>srt</span> <span class='ocrx_word' id='word_1_117' title='bbox 402 2503 617 2597; x_wconf 78' lang='lat' dir='ltr'>&amp;potestas</span> <span class='ocrx_word' id='word_1_118' title='bbox 667 2502 762 2575; x_wconf 85' lang='lat' dir='ltr'>Nam</span> <span class='ocrx_word' id='word_1_119' title='bbox 781 2524 860 2575; x_wconf 90' lang='lat' dir='ltr'>cum</span> <span class='ocrx_word' id='word_1_120' title='bbox 879 2502 1009 2577; x_wconf 86' lang='lat' dir='ltr'>adhoc</span> <span class='ocrx_word' id='word_1_121' title='bbox 1025 2502 1141 2576; x_wconf 81' lang='lat' dir='ltr'>missus</span> <span class='ocrx_word' id='word_1_122' title='bbox 1160 2504 1261 2600; x_wconf 82' lang='lat' dir='ltr'>eiset‚&#39;</span> 
     </span>
     <span class='ocr_line' id='line_1_18' title="bbox 206 2602 1260 2703; baseline 0.003 -26"><span class='ocrx_word' id='word_1_123' title='bbox 206 2618 249 2685; x_wconf 90' lang='lat' dir='ltr'>ut</span> <span class='ocrx_word' id='word_1_124' title='bbox 273 2604 474 2679; x_wconf 88' lang='lat' dir='ltr'>humillimis</span> <span class='ocrx_word' id='word_1_125' title='bbox 501 2604 698 2696; x_wconf 85' lang='lat' dir='ltr'>quibusque</span> <span class='ocrx_word' id='word_1_126' title='bbox 723 2602 818 2675; x_wconf 88' lang='lat' dir='ltr'>viam</span> <span class='ocrx_word' id='word_1_127' title='bbox 840 2602 1012 2693; x_wconf 84' lang='lat' dir='ltr'>panderet</span> <span class='ocrx_word' id='word_1_128' title='bbox 1032 2604 1074 2675; x_wconf 92' lang='lat' dir='ltr'>ad</span> <span class='ocrx_word' id='word_1_129' title='bbox 1099 2604 1260 2703; x_wconf 79' lang='lat' dir='ltr'>salutem,</span> 
     </span>
    </p>

    <p class='ocr_par' dir='ltr' id='par_1_12' title="bbox 206 2700 1262 2813">
     <span class='ocr_line' id='line_1_19' title="bbox 206 2700 1262 2813; baseline -0.002 -35"><span class='ocrx_word' id='word_1_130' title='bbox 206 2703 242 2779; x_wconf 87' lang='lat' dir='ltr'>se</span> <span class='ocrx_word' id='word_1_131' title='bbox 256 2700 329 2799; x_wconf 70' lang='lat' dir='ltr'>inse</span> <span class='ocrx_word' id='word_1_132' title='bbox 342 2704 511 2779; x_wconf 90' lang='lat' dir='ltr'>humilem</span> <span class='ocrx_word' id='word_1_133' title='bbox 525 2703 633 2794; x_wconf 87' lang='lat' dir='ltr'>fecit,</span> <span class='ocrx_word' id='word_1_134' title='bbox 650 2716 769 2775; x_wconf 89' lang='lat' dir='ltr'>utens</span> <span class='ocrx_word' id='word_1_135' title='bbox 786 2701 960 2775; x_wconf 88' lang='lat' dir='ltr'>liberaret.</span> <span class='ocrx_word' id='word_1_136' title='bbox 998 2701 1158 2796; x_wconf 87' lang='lat' dir='ltr'>Suscepit</span> <span class='ocrx_word' id='word_1_137' title='bbox 1173 2724 1262 2813; x_wconf 64' lang='lat' dir='ltr'>ergo</span> 
     </span>
    </p>

    <p class='ocr_par' dir='ltr' id='par_1_13' title="bbox 206 2799 1262 2900">
     <span class='ocr_line' id='line_1_20' title="bbox 206 2799 1262 2900; baseline 0.003 -24"><span class='ocrx_word' id='word_1_138' title='bbox 206 2806 243 2877; x_wconf 91' lang='lat' dir='ltr'>id</span> <span class='ocrx_word' id='word_1_139' title='bbox 262 2826 373 2900; x_wconf 87' lang='lat' dir='ltr'>genus</span> <span class='ocrx_word' id='word_1_140' title='bbox 393 2805 545 2896; x_wconf 86' lang='lat' dir='ltr'>mortis,</span> <span class='ocrx_word' id='word_1_141' title='bbox 578 2803 678 2894; x_wconf 91' lang='lat' dir='ltr'>quod</span> <span class='ocrx_word' id='word_1_142' title='bbox 700 2799 792 2875; x_wconf 80' lang='lat' dir='ltr'>sole‘t</span> <span class='ocrx_word' id='word_1_143' title='bbox 814 2802 1003 2876; x_wconf 85' lang='lat' dir='ltr'>humilibus</span> <span class='ocrx_word' id='word_1_144' title='bbox 1021 2804 1191 2898; x_wconf 87' lang='lat' dir='ltr'>irrogari,</span> <span class='ocrx_word' id='word_1_145' title='bbox 1218 2819 1262 2879; x_wconf 88' lang='lat' dir='ltr'>ut</span> 
     </span>
    </p>

    <p class='ocr_par' dir='ltr' id='par_1_14' title="bbox 121 2900 1262 3097">
     <span class='ocr_line' id='line_1_21' title="bbox 121 2900 1262 2979; baseline 0.004 -4"><span class='ocrx_word' id='word_1_146' title='bbox 121 2902 125 2917; x_wconf 92' lang='lat'>&#39;</span> <span class='ocrx_word' id='word_1_147' title='bbox 208 2905 374 2976; x_wconf 89' lang='lat' dir='ltr'>omnibus</span> <span class='ocrx_word' id='word_1_148' title='bbox 398 2901 548 2974; x_wconf 85' lang='lat' dir='ltr'>facultas</span> <span class='ocrx_word' id='word_1_149' title='bbox 574 2905 719 2975; x_wconf 90' lang='lat' dir='ltr'>daretur</span> <span class='ocrx_word' id='word_1_150' title='bbox 741 2900 912 2974; x_wconf 88' lang='lat' dir='ltr'>imitandi.</span> <span class='ocrx_word' id='word_1_151' title='bbox 975 2901 1149 2975; x_wconf 77' lang='lat' dir='ltr'>Praeterea</span> <span class='ocrx_word' id='word_1_152' title='bbox 1178 2924 1262 2979; x_wconf 87' lang='lat' dir='ltr'>cum</span> 
     </span>
     <span class='ocr_line' id='line_1_22' title="bbox 206 2997 1261 3097; baseline 0.003 -22"><span class='ocrx_word' id='word_1_153' title='bbox 206 2999 295 3075; x_wconf 85' lang='lat' dir='ltr'>esset</span> <span class='ocrx_word' id='word_1_154' title='bbox 313 2997 597 3093; x_wconf 55' lang='lat' dir='ltr'>refundimus,</span> <span class='ocrx_word' id='word_1_155' title='bbox 632 2999 804 3092; x_wconf 87' lang='lat' dir='ltr'>amputari</span> <span class='ocrx_word' id='word_1_156' title='bbox 828 3012 964 3092; x_wconf 90' lang='lat' dir='ltr'>partem</span> <span class='ocrx_word' id='word_1_157' title='bbox 993 3005 1157 3093; x_wconf 85' lang='lat' dir='ltr'>corporis</span> <span class='ocrx_word' id='word_1_158' title='bbox 1184 3005 1261 3097; x_wconf 84' lang='lat' dir='ltr'>ejus</span> 
     </span>
    </p>

    <p class='ocr_par' dir='ltr' id='par_1_15' title="bbox 206 3097 1267 3394">
     <span class='ocr_line' id='line_1_23' title="bbox 207 3097 1262 3196; baseline 0.001 -22"><span class='ocrx_word' id='word_1_159' title='bbox 207 3100 260 3175; x_wconf 89' lang='lat' dir='ltr'>fas</span> <span class='ocrx_word' id='word_1_160' title='bbox 285 3120 361 3173; x_wconf 91' lang='lat' dir='ltr'>non</span> <span class='ocrx_word' id='word_1_161' title='bbox 386 3113 486 3190; x_wconf 85' lang='lat' dir='ltr'>erat,</span> <span class='ocrx_word' id='word_1_162' title='bbox 513 3119 581 3172; x_wconf 89' lang='lat' dir='ltr'>nec</span> <span class='ocrx_word' id='word_1_163' title='bbox 605 3122 646 3171; x_wconf 94' lang='lat' dir='ltr'>os</span> <span class='ocrx_word' id='word_1_164' title='bbox 669 3097 837 3194; x_wconf 84' lang='lat' dir='ltr'>infringi,</span> <span class='ocrx_word' id='word_1_165' title='bbox 865 3099 963 3190; x_wconf 90' lang='lat' dir='ltr'>quod</span> <span class='ocrx_word' id='word_1_166' title='bbox 988 3101 1116 3173; x_wconf 87' lang='lat' dir='ltr'>accidit</span> <span class='ocrx_word' id='word_1_167' title='bbox 1137 3105 1178 3175; x_wconf 88' lang='lat' dir='ltr'>ils</span> <span class='ocrx_word' id='word_1_168' title='bbox 1199 3102 1262 3196; x_wconf 89' lang='lat' dir='ltr'>qui</span> 
     </span>
     <span class='ocr_line' id='line_1_24' title="bbox 209 3196 1267 3294; baseline 0.003 -20"><span class='ocrx_word' id='word_1_169' title='bbox 209 3202 325 3292; x_wconf 80' lang='lat' dir='ltr'>capite</span> <span class='ocrx_word' id='word_1_170' title='bbox 342 3197 556 3294; x_wconf 70' lang='lat' dir='ltr'>plectuntur.</span> <span class='ocrx_word' id='word_1_171' title='bbox 608 3196 706 3269; x_wconf 81' lang='lat' dir='ltr'>Cru&#39;x</span> <span class='ocrx_word' id='word_1_172' title='bbox 728 3218 815 3292; x_wconf 85' lang='lat' dir='ltr'>ergo</span> <span class='ocrx_word' id='word_1_173' title='bbox 839 3199 964 3290; x_wconf 90' lang='lat' dir='ltr'>potior</span> <span class='ocrx_word' id='word_1_174' title='bbox 987 3198 1081 3294; x_wconf 86' lang='lat' dir='ltr'>suit,</span> <span class='ocrx_word' id='word_1_175' title='bbox 1109 3222 1186 3293; x_wconf 89' lang='lat' dir='ltr'>quae</span> <span class='ocrx_word' id='word_1_176' title='bbox 1206 3222 1267 3277; x_wconf 82' lang='lat' dir='ltr'>re·</span> 
     </span>
     <span class='ocr_line' id='line_1_25' title="bbox 206 3296 1122 3394; baseline -0.004 -18"><span class='ocrx_word' id='word_1_177' title='bbox 206 3298 414 3375; x_wconf 76' lang='lat' dir='ltr'>surrectioni</span> <span class='ocrx_word' id='word_1_178' title='bbox 430 3318 562 3390; x_wconf 85' lang='lat' dir='ltr'>corpus</span> <span class='ocrx_word' id='word_1_179' title='bbox 577 3298 723 3394; x_wconf 87' lang='lat' dir='ltr'>integris</span> <span class='ocrx_word' id='word_1_180' title='bbox 742 3296 868 3379; x_wconf 87' lang='lat' dir='ltr'>ollibus</span> <span class='ocrx_word' id='word_1_181' title='bbox 888 3296 1097 3381; x_wconf 84' lang='lat' dir='ltr'>reservavit.</span> <span class='ocrx_word' id='word_1_182' title='bbox 1118 3300 1122 3307; x_wconf 89' lang='lat'>&#39;</span> 
     </span>
    </p>

    <p class='ocr_par' dir='ltr' id='par_1_16' title="bbox 202 3390 1288 4086">
     <span class='ocr_line' id='line_1_26' title="bbox 282 3390 1262 3492; baseline 0.001 -20"><span class='ocrx_word' id='word_1_183' title='bbox 282 3399 348 3472; x_wconf 89' lang='lat' dir='ltr'>His</span> <span class='ocrx_word' id='word_1_184' title='bbox 368 3400 474 3471; x_wconf 87' lang='lat' dir='ltr'>etiam</span> <span class='ocrx_word' id='word_1_185' title='bbox 493 3397 580 3470; x_wconf 88' lang='lat' dir='ltr'>illud</span> <span class='ocrx_word' id='word_1_186' title='bbox 599 3390 756 3490; x_wconf 72' lang='lat' dir='ltr'>accedis,</span> <span class='ocrx_word' id='word_1_187' title='bbox 783 3395 881 3487; x_wconf 89' lang='lat' dir='ltr'>quod</span> <span class='ocrx_word' id='word_1_188' title='bbox 903 3400 1057 3492; x_wconf 77' lang='lat' dir='ltr'>passione</span> <span class='ocrx_word' id='word_1_189' title='bbox 1078 3420 1119 3471; x_wconf 90' lang='lat' dir='ltr'>ac</span> <span class='ocrx_word' id='word_1_190' title='bbox 1139 3410 1262 3473; x_wconf 88' lang='lat' dir='ltr'>morte</span> 
     </span>
     <span class='ocr_line' id='line_1_27' title="bbox 204 3494 1261 3592; baseline 0.004 -21"><span class='ocrx_word' id='word_1_191' title='bbox 204 3495 391 3592; x_wconf 87' lang='lat' dir='ltr'>suscepta,</span> <span class='ocrx_word' id='word_1_192' title='bbox 429 3497 610 3570; x_wconf 88' lang='lat' dir='ltr'>sublimem</span> <span class='ocrx_word' id='word_1_193' title='bbox 641 3494 719 3569; x_wconf 86' lang='lat' dir='ltr'>fieri</span> <span class='ocrx_word' id='word_1_194' title='bbox 751 3499 956 3592; x_wconf 88' lang='lat' dir='ltr'>oportebat.</span> <span class='ocrx_word' id='word_1_195' title='bbox 1021 3498 1128 3571; x_wconf 88' lang='lat' dir='ltr'>Adeo</span> <span class='ocrx_word' id='word_1_196' title='bbox 1140 3494 1147 3546; x_wconf 71' lang='grc' dir='ltr'><em>Γ</em></span> <span class='ocrx_word' id='word_1_197' title='bbox 1158 3500 1261 3575; x_wconf 86' lang='lat' dir='ltr'>illum</span> 
     </span>
     <span class='ocr_line' id='line_1_28' title="bbox 207 3593 1261 3692; baseline 0.003 -24"><span class='ocrx_word' id='word_1_198' title='bbox 207 3614 320 3689; x_wconf 83' lang='lat' dir='ltr'>crux,</span> <span class='ocrx_word' id='word_1_199' title='bbox 348 3597 382 3670; x_wconf 81' lang='lat' dir='ltr'>dc</span> <span class='ocrx_word' id='word_1_200' title='bbox 401 3616 441 3669; x_wconf 91' lang='lat' dir='ltr'>re</span> <span class='ocrx_word' id='word_1_201' title='bbox 463 3595 496 3668; x_wconf 82' lang='lat' dir='ltr'>dt</span> <span class='ocrx_word' id='word_1_202' title='bbox 516 3593 771 3692; x_wconf 80' lang='lat' dir='ltr'>significatione</span> <span class='ocrx_word' id='word_1_203' title='bbox 797 3598 1000 3688; x_wconf 76' lang='lat' dir='ltr'>exaltavit,</span> <span class='ocrx_word' id='word_1_204' title='bbox 1031 3612 1072 3669; x_wconf 92' lang='lat' dir='ltr'>ut</span> <span class='ocrx_word' id='word_1_205' title='bbox 1093 3599 1261 3671; x_wconf 82' lang='lat' dir='ltr'>omnibus</span> 
     </span>
     <span class='ocr_line' id='line_1_29' title="bbox 205 3695 1260 3789; baseline 0.005 -19"><span class='ocrx_word' id='word_1_206' title='bbox 205 3696 363 3787; x_wconf 88' lang='lat' dir='ltr'>majestas</span> <span class='ocrx_word' id='word_1_207' title='bbox 390 3697 464 3787; x_wconf 90' lang='lat' dir='ltr'>ejus</span> <span class='ocrx_word' id='word_1_208' title='bbox 493 3716 535 3768; x_wconf 90' lang='lat' dir='ltr'>ac</span> <span class='ocrx_word' id='word_1_209' title='bbox 561 3696 676 3768; x_wconf 89' lang='lat' dir='ltr'>virtus</span> <span class='ocrx_word' id='word_1_210' title='bbox 705 3695 880 3788; x_wconf 80' lang='lat' dir='ltr'>cumipse</span> <span class='ocrx_word' id='word_1_211' title='bbox 904 3695 1059 3789; x_wconf 78' lang='lat' dir='ltr'>pullione</span> <span class='ocrx_word' id='word_1_212' title='bbox 1085 3701 1260 3775; x_wconf 90' lang='lat' dir='ltr'>notuerit.</span> 
     </span>
     <span class='ocr_line' id='line_1_30' title="bbox 204 3793 1259 3888; baseline 0.005 -20"><span class='ocrx_word' id='word_1_213' title='bbox 204 3793 300 3868; x_wconf 91' lang='lat' dir='ltr'>Nam</span> <span class='ocrx_word' id='word_1_214' title='bbox 320 3796 417 3886; x_wconf 92' lang='lat' dir='ltr'>quod</span> <span class='ocrx_word' id='word_1_215' title='bbox 437 3795 599 3867; x_wconf 87' lang='lat' dir='ltr'>extendit</span> <span class='ocrx_word' id='word_1_216' title='bbox 618 3794 655 3866; x_wconf 92' lang='lat' dir='ltr'>in</span> <span class='ocrx_word' id='word_1_217' title='bbox 679 3797 839 3886; x_wconf 86' lang='lat' dir='ltr'>patibulo</span> <span class='ocrx_word' id='word_1_218' title='bbox 866 3815 1013 3887; x_wconf 89' lang='lat' dir='ltr'>manus,</span> <span class='ocrx_word' id='word_1_219' title='bbox 1040 3795 1165 3888; x_wconf 89' lang='lat' dir='ltr'>utique</span> <span class='ocrx_word' id='word_1_220' title='bbox 1186 3800 1259 3873; x_wconf 84' lang='lat' dir='ltr'>alas</span> 
     </span>
     <span class='ocr_line' id='line_1_31' title="bbox 203 3890 1261 3989; baseline 0.006 -24"><span class='ocrx_word' id='word_1_221' title='bbox 203 3890 280 3965; x_wconf 92' lang='lat' dir='ltr'>suas</span> <span class='ocrx_word' id='word_1_222' title='bbox 297 3894 332 3964; x_wconf 92' lang='lat' dir='ltr'>in</span> <span class='ocrx_word' id='word_1_223' title='bbox 350 3893 537 3968; x_wconf 88' lang='lat' dir='ltr'>Orientem</span> <span class='ocrx_word' id='word_1_224' title='bbox 554 3894 862 3985; x_wconf 87' lang='lat' dir='ltr'>Occidentemque</span> <span class='ocrx_word' id='word_1_225' title='bbox 881 3895 1064 3986; x_wconf 85' lang='lat' dir='ltr'>porrexit,</span> <span class='ocrx_word' id='word_1_226' title='bbox 1091 3893 1153 3977; x_wconf 91' lang='lat' dir='ltr'>sub</span> <span class='ocrx_word' id='word_1_227' title='bbox 1171 3918 1261 3989; x_wconf 81' lang='lat' dir='ltr'>quas</span> 
     </span>
     <span class='ocr_line' id='line_1_32' title="bbox 202 3991 1288 4086; baseline 0.008 -22"><span class='ocrx_word' id='word_1_228' title='bbox 202 3991 377 4065; x_wconf 86' lang='lat' dir='ltr'>universae</span> <span class='ocrx_word' id='word_1_229' title='bbox 393 3997 557 4067; x_wconf 88' lang='lat' dir='ltr'>nationes</span> <span class='ocrx_word' id='word_1_230' title='bbox 571 3994 614 4065; x_wconf 92' lang='lat' dir='ltr'>ab</span> <span class='ocrx_word' id='word_1_231' title='bbox 630 4008 780 4085; x_wconf 89' lang='lat' dir='ltr'>utraque</span> <span class='ocrx_word' id='word_1_232' title='bbox 794 3993 915 4077; x_wconf 89' lang='lat' dir='ltr'>mundi</span> <span class='ocrx_word' id='word_1_233' title='bbox 928 4009 1030 4084; x_wconf 90' lang='lat' dir='ltr'>parte</span> <span class='ocrx_word' id='word_1_234' title='bbox 1043 3995 1087 4068; x_wconf 91' lang='lat' dir='ltr'>ad</span> <span class='ocrx_word' id='word_1_235' title='bbox 1098 3998 1260 4086; x_wconf 88' lang='lat' dir='ltr'>requiem</span> <span class='ocrx_word' id='word_1_236' title='bbox 1285 4032 1288 4039; x_wconf 62' lang='grc'><strong>’</strong></span> 
     </span>
    </p>

    <p class='ocr_par' dir='ltr' id='par_1_17' title="bbox 160 4093 1265 4267">
     <span class='ocr_line' id='line_1_33' title="bbox 160 4093 1265 4267; baseline 0.002 -100"><span class='ocrx_word' id='word_1_237' title='bbox 160 4093 454 4267; x_wconf 54' lang='lat' dir='ltr'>&#39;convenirent</span> <span class='ocrx_word' id='word_1_238' title='bbox 522 4098 707 4194; x_wconf 86' lang='lat' dir='ltr'>Quantum</span> <span class='ocrx_word' id='word_1_239' title='bbox 729 4106 847 4168; x_wconf 88' lang='lat' dir='ltr'>autem</span> <span class='ocrx_word' id='word_1_240' title='bbox 871 4094 989 4169; x_wconf 87' lang='lat' dir='ltr'>valeat</span> <span class='ocrx_word' id='word_1_241' title='bbox 1012 4096 1085 4170; x_wconf 91' lang='lat' dir='ltr'>hoc</span> <span class='ocrx_word' id='word_1_242' title='bbox 1106 4095 1265 4192; x_wconf 80' lang='lat' dir='ltr'>signum,-</span> 
     </span>
    </p>
   </div>
   <div class='ocr_carea' id='block_1_6' title="bbox 0 0 1392 4792">
    <p class='ocr_par' dir='ltr' id='par_1_18' title="bbox 0 0 1392 4792">
     <span class='ocr_line' id='line_1_34' title="bbox 0 0 1392 4792; baseline 0 0"><span class='ocrx_word' id='word_1_243' title='bbox 0 0 1392 4792; x_wconf 95' lang='lat' dir='ltr'> </span> 
     </span>
    </p>
   </div>
  </div>
 </body>
</html>
