2775 4792
156 432 438 514 uicum·
455 427 667 505 Eumene
692 416 842 507 mnan.
867 422 1112 508 intuamur.
1138 452 1185 529 57

133 596 367 689 &preceptis
386 592 686 690 obtemperaret)
702 589 903 697 nescierunt
918 612 1006 688 ergo
1019 593 1191 686 justitiam'
1287 601 1289 605 ’

133 695 362 790 philosophi,
390 694 472 784 quia
488 712 555 765 nec
570 693 681 786 ipsum
698 692 817 764 Deum
830 709 1090 791 agnoverunt,
1115 715 1187 766 nec

136 797 269 868 cultum
289 795 364 887 ejus
385 794 571 889 legemque
588 806 802 879 tenuerunt;
830 791 863 863 δι
883 793 967 866 ideo
991 792 1104 868 refelli
1119 815 1186 887 po·

134 906 281 968 tuerunt
298 917 318 966 a
333 891 539 985 Carneade,
571 893 670 985 cujus
688 891 765 965 haec
783 889 852 963 fuit
869 890 1085 986 disputatio,
1111 895 1188 979 nul,-

134 994 205 1068 lum
222 993 291 1066 elle
306 994 363 1085 Jus
383 993 568 1084 naturale,
594 993 714 1083 itaque
731 1012 855 1065 omnes
876 994 1093 1073 animantes,
1119 992 1190 1084 ipsa

135 1094 291 1167 ducente
310 1090 463 1183 natura‘,
497 1091 687 1190 commoda
711 1088 769 1164 lua
795 1088 1013 1193 defendere,
1053 1092 1189 1166 &ideo

132 1193 327 1287 justitiam,
352 1191 376 1266 fi
399 1193 522 1265 alienis
538 1193 751 1269 utilitatibus
771 1189 947 1286 consulit,
982 1192 1056 1265 suas
1079 1194 1191 1288 negli-

136 1295 213 1390 git,
246 1291 428 1366 stultitiam
451 1290 520 1365 elie
541 1291 737 1366 dicendam.
791 1292 908 1388 *Quod
929 1294 953 1367 si
977 1313 1102 1364 omnes
1126 1294 1192 1385 po-⁸

134 1394 235 1486 puli,
261 1413 370 1485 penes
387 1412 477 1483 quos
495 1392 756 1484 fitimperium,
781 1390 914 1487 ipsique
930 1394 1105 1485 Romani,
1130 1394 1191 1483 qui

136 1495 267 1564 orbem
287 1506 403 1591 totum
423 1488 663 1583 poliederint,
686 1489 853 1583 justitiam
871 1489 966 1583 sequi
983 1494 1121 1586 velint,
1148 1514 1192 1566 ac

135 1589 237 1664 suum
256 1594 381 1683 cuique
398 1590 605 1684 restituere,
638 1590 736 1681 quod
756 1590 844 1662 vi&
864 1593 967 1666 armis
988 1613 1192 1684 occupave-

133 1704 247 1783 runt,
281 1693 324 1765 ad
345 1689 438 1764 casas
463 1691 497 1762 u
522 1691 712 1785 egestatem
737 1707 978 1769 reuertentur.
1023 1692 1193 1790 'Quodsi

133 1790 312 1884 fecerint,
343 1786 457 1882 justos
480 1790 643 1883 quidem,
674 1789 733 1862 sed
753 1808 871 1864 tamen
896 1789 1022 1864 stultos
1041 1791 1192 1884 judicari

135 1888 276 1963 neceli'e
298 1889 368 1980 est,
395 1892 512 1981 quint
528 1891 602 1963 aliis
625 1890 780 1983 prosint,
806 1889 868 1962 sibi
889 1911 1024 1964 nocere
1042 1896 1192 1964 contam-
1218 1936 1226 1959 1

120 1989 234 2071 dant.
287 1989 448 2080 Deinde,
473 1989 669 2082 streperiat
686 1989 809 2081 aliquis
828 1989 1030 2081 hominem,
1057 1992 1114 2080 qui
1132 2003 1195 2063 aut
1258 2070 1261 2081 ,

139 2086 263 2162 aurum
290 2109 360 2183 pro
387 2087 618 2180 aurichalco,
653 2101 714 2160 aut
740 2102 924 2182 argentum
951 2110 1018 2183 pro
1043 2088 1193 2182 plumbo

136 2189 275 2263 vendat
287 2209 352 2280 per
366 2207 549 2281 errorem,
569 2204 676 2278 atque
690 2188 725 2259 id
742 2208 859 2261 emere
873 2190 1055 2263 neceliitas
1072 2190 1200 2285 cogat,

135 2296 259 2363 ut'tum
278 2289 518 2380 dillimulabit,
545 2288 688 2364 &emet
704 2308 841 2381 parvo,
868 2310 911 2361 an
924 2292 1044 2385 potius
1063 2291 1199 2362 indica·
1229 2320 1231 2325 ·

134 2388 222 2463 bit?
255 2388 291 2461 Si
311 2388 504 2476 indicabit;
534 2387 651 2482 justus·
671 2391 795 2478 utique
817 2389 978 2480 dicetur,
1012 2390 1091 2479 quia
1116 2410 1194 2463 non

136 2488 289 2577 fefellit3
326 2487 495 2561 sedidem
516 2487 662 2579 stultus,
691 2489 751 2579 qui
773 2487 874 2560 alteri
895 2486 1022 2560 fecerit
1041 2490 1193 2583 lucrum,

136 2587 202 2661 sabi
226 2587 402 2662 damnum.
462 2586 531 2659 Sed
555 2587 660 2660 facile
683 2589 729 2659 de
752 2586 881 2659 damno
906 2587 966 2663 est.
1027 2590 1144 2686 Quid,
1170 2586 1201 2664 st'
1260 2662 1267 2683 ,

138 2689 220 2761 vita
244 2687 320 2777 ejus
342 2689 380 2758 in
402 2686 600 2780 periculum
618 2687 767 2775 veniet,
804 2699 845 2756 ut
868 2707 948 2758 eum
974 2686 1114 2761 uecelle
1139 2689 1197 2779 sit,

140 2803 204 2861 aut
231 2785 428 2875 occidere,
455 2786 662 2874 autmari,
695 2782 778 2873 quid
805 2783 940 2855 faciet?
978 2784 1100 2858 Potest
1123 2788 1199 2861 hoc

140 2886 317 2978 evenire,
342 2897 385 2956 ut
406 2882 590 2977 naufragio
612 2880 745 2973 fratte,
780 2884 941 2955 inueniat
965 2885 1114 2977 aliquem
1135 2886 1200 2963 im·

140 2987 309 3060 becillem
332 2985 459 3056 tabulae
481 2984 731 3070 inhae'rentem3
759 2997 820 3054 aut
843 2981 940 3055 viiio
962 2988 1124 3060 exercitu
1143 2987 1198 3061 fu·
1234 3020 1236 3025 ·

143 3087 264 3183 giens,
283 3085 436 3176 reperiat
450 3084 601 3174 aliquem
617 3084 845 3159 uulneratum
863 3104 956 3173 equo
971 3084 1197 3166 insidentem:

108 3254 114 3269 f
142 3200 312 3257 utrumne
336 3188 397 3254 ant
415 3183 513 3254 illum
538 3183 686 3272 tabula,
722 3198 783 3254 aut
803 3183 898 3255 hunc
921 3205 1014 3274 equo
1035 3187 1200 3262 deturba·

143 3285 219 3378 bit,
245 3296 286 3354 ut
301 3281 372 3374 ipse
388 3279 491 3373 poffit
508 3278 688 3353 evadere?
713 3279 749 3352 Si
766 3283 870 3353 volet
881 3281 992 3372 justus
1008 3284 1094 3374 elie,
1120 3308 1200 3362 non
1217 3294 1220 3301 '

144 3382 272 3457 faciet:
297 3381 367 3453 Sed
391 3379 485 3453 idem
508 3379 634 3453 stultus
655 3380 891 3473 judicabitur,
926 3383 1089 3472 quidum
1114 3388 1200 3458 alte-

145 3484 219 3555 rius
236 3483 320 3554 vitae
333 3482 467 3574 parcit,
487 3479 579 3553 suam
595 3480 727 3571 prodit.
779 3478 813 3550 Si
829 3479 953 3573 faciet,
975 3481 1114 3575 sapiens⁴
1124 3484 1199 3574 qui·
1231 3518 1240 3523 ·

147 3582 229 3655 dem
250 3580 452 3674 videbitur,
478 3580 559 3671 quia
580 3579 643 3653 fibi
662 3577 847 3669 consulet3
875 3579 934 3654 sed
957 3584 1052 3660 idem
1074 3584 1202 3679 malus,

147 3681 232 3776 quia
246 3680 404 3756 nocebit.
1224 3713 1227 3723 ·

647 4112 685 4250 d)
715 4189 735 4266 5
773 4242 775 4246 Α
817 4212 821 4217 -
1002 4167 1187 4247 unum

1172 4358 1187 4395 N
