2775 4792
223 412 495 518 L'acrnur‘rr
519 451 656 513 arnna
679 448 736 514 ort
760 408 977 550 Orrrrcro
998 435 1098 516 Dar.
1127 455 1194 514 rar

226 599 379 674 Videtur
393 599 487 674 enim
499 619 618 688 mens,
643 615 722 693 quae
735 598 955 676 dominatum
969 600 1132 694 corporis
1147 613 1202 674 te

150 710 240 791 net,
260 701 298 772 in
315 697 464 784 ¹summo
480 699 596 791 capite
615 697 831 781 constituta,
863 712 1028 792 tanquam
1046 693 1084 774 in
1104 702 1197 774 coelo

151 796 273 872 Deus:
305 795 365 871 sed
385 817 467 869 cum
483 796 520 869 in
538 797 652 889 aliqua
671 796 714 872 fit
731 799 973 894 cogitatione,
1000 804 1199 871 commeare
1297 813 1301 822 ·

148 895 199 969 od
217 896 364 990 pedus,
390 893 592 987 &quasi-ad
605 892 780 970 secretum
795 898 939 989 aliquod
968 979 971 983 ⁸
999 899 1136 972 netrale
1150 898 1200 971 se·

142 996 308 1087 cedere,
333 1005 377 1066 ut
395 994 601 1087 confilium,
630 1006 795 1090 unquam
815 1018 859 1084 err
881 997 944 1071 the
957 1017 1048 1072 auro
1071 1017 1201 1069 recon-

150 1093 258 1186 dito,
293 1093 412 1184 eliciat
436 1114 477 1167 ac
502 1094 664 1187 proferat
675 1119 693 1185 3,
719 1095 876 1190 ideoque
900 1118 980 1171 curn
1004 1098 1133 1170 intenti
1156 1094 1201 1168 ad

148 1192 383 1289 cogitandum
395 1194 539 1288 sumus,
565 1193 599 1268 dc
618 1215 699 1270 curn
719 1216 819 1270 mens
833 1208 1017 1292 'occupata
1034 1196 1071 1269 in
1090 1198 1201 1270 altum

113 1307 115 1314 ·
146 1291 187 1366 se
203 1291 397 1379 abdiderit,
421 1313 538 1393 neque
551 1292 671 1369 audire
684 1314 762 1386 quae
776 1294 1055 1387 circumsonant,
1079 1315 1201 1386 ¹neque

147 1389 299 1484 videre,
324 1410 400 1482 quae
416 1391 579 1486 obstant,
603 1391 766 1467 solemur.
814 1390 855 1465 ld
872 1415 963 1468 vero
978 1395 1053 1469 srve
1068 1394 1118 1467 ita
1135 1391 1201 1487 est,

151 1488 578 1586 admiranddm'profedo
601 1491 671 1584 est,
698 1492 884 1585 quomodo
900 1492 936 1566 id
956 1490 1037 1582 liat,
1060 1492 1202 1568 eumad

93 1617 104 1668 .·
152 1587 277 1685 petrus
293 1611 337 1662 ex
353 1593 503 1665 cerebro
514 1593 729 1667 nullutniter
740 1604 873 1688 pateat,
921 1591 982 1666 Sin
995 1603 1112 1666 autem
1125 1613 1203 1666 non

92 1705 95 1714 ⁴
151 1686 207 1761 e'st
220 1690 431 1784 ita„tamen
444 1689 675 1767 nihilominus
691 1691 930 1770 admirandum
942 1689 1012 1783 est,
1038 1693 1136 1782 quod
1153 1692 1203 1763 di·

93 1847 95 1890 r
153 1788 241 1860 vina
266 1787 388 1864 nescio
413 1810 484 1883 qua
507 1789 648 1865 ratione
670 1787 757 1873 liat,
791 1805 833 1863 ut
855 1792 905 1864 ita
928 1789 998 1864 elle
1024 1791 1205 1867 videatur.

93 1933 95 1938 -
152 1886 215 1960 An
235 1888 356 1980 potest
375 1890 499 1979 aliquis
518 1909 595 1967 non
618 1889 800 1971 admirari,
827 1889 925 1979 quod
944 1884 1059 1962 sensus
1075 1890 1134 1962 ille
1150 1889 1205 1960 vi-

152 2007 225 2059 vus
243 1999 351 2077 atque
371 1985 541 2077 coelestis,
568 1988 627 2077 qui
644 2010 771 2081 mens,
796 1989 856 2060 vel
872 1988 1007 2063 animus
1025 2007 1206 2079 nuncupa·

93 2161 97 2178 Ι,
152 2099 239 2177 ¹tur,
265 2098 373 2160 tantae
389 2085 596 2159 mobilitatis
614 2084 682 2179 est,
712 2100 753 2159 ut
772 2077 910 2161 ne'tum
934 2087 1096 2179 quidem,
1124 2107 1206 2163 cunt

153 2183 292 2278 sopitus
314 2181 386 2275 est,¹
418 2180 667 2282 conquiescat;
700 2188 1035 2286 tantaecelcritatis,
1068 2203 1110 2259 ut
1129 2191 1244 2280 nno'v

152 2284 330 2377 temporis
345 2282 480 2379 pundo
490 2283 621 2359 aarum
636 2304 744 2360 omne
759 2283 962 2379 collustret,
985 2286 1038 2379 dr,
1058 2286 1082 2361 sr
1100 2287 1206 2380 velit,

96 2463 99 2470 ,
153 2386 263 2458 marla
282 2386 453 2480 pervolet
468 2383 494 2474 ,'
507 2397 648 2479 terras,
677 2406 718 2462 ac
738 2388 844 2459 nrbes
863 2400 1054 2479 peragret,
1085 2384 1206 2458 omnia

155 2483 331 2575 denique,
357 2504 433 2575 quae
451 2480 619 2575 libuerit,
645 2485 807 2575 quamvis
825 2486 934 2579 longe
954 2486 1096 2575 lateque
1118 2484 1207 2557 sum·

143 2581 361 2673 'motasrnt,
385 2583 423 2652 in
442 2581 633 2673 confpedtu
645 2585 707 2657 srbi
724 2581 796 2676 ipse
814 2581 1032 2661 constituat?
1063 2578 1072 2601 “
1278 2605 1280 2610 ’

222 2677 282 2762 ,Εῑ
294 2682 441 2760 miratur
453 2681 598 2770 aliquis,
615 2680 774 2772 srdivina
789 2702 888 2754 mens
903 2677 972 2753 Dei
987 2698 1052 2772 per
1063 2677 1209 2752 univer·

155 2780 209 2858 sas
231 2777 357 2854 mundi
382 2792 501 2872 partes
523 2778 661 2850 intenta
686 2777 872 2869 discurrit,
907 2777 941 2850 dc
963 2779 1082 2852 omnia
1103 2780 1208 2875 regit,

156 2881 281 2955 omnia
294 2877 518 2969 moderatur,
552 2876 684 2969 ubique
700 2877 873 2971 praesens,
906 2877 1044 2969 ubique»
1062 2875 1207 2970 diffusa;
1227 2901 1231 2910 ’

157 3002 242 3054 cum
253 2993 353 3052 tanta
365 2977 467 3051 srtvis
481 2999 522 3049 ac
532 2975 689 3070 potestas
700 2980 830 3052 mentis
843 2977 1002 3052 humanae
1012 2978 1105 3053 intra
1114 2998 1211 3054 mor·

95 3145 113 3157 ..
158 3082 233 3153 tale
254 3097 386 3170 corpus
411 3076 573 3168 inclusa,
597 3088 705 3151 utne
725 3077 1125 3175 septuquidemgravis
1145 3080 1210 3152 hu·
1231 3125 1239 3138 ‹

156 3181 215 3272 jus
233 3197 274 3250 ac
293 3176 386 3274 pigri
405 3176 590 3267 corporis,
616 3177 673 3249 cui
691 3178 832 3272 alligata
850 3176 924 3254 est,
950 3180 1111 3252 coerceri
1132 3179 1209 3251 ullo

155 3274 267 3375 patto
283 3275 411 3373 polilt,
438 3275 626 3364 quominus
646 3275 709 3348 fibi
727 3276 873 3352 liberam
892 3276 1045 3371 vagandi
1063 3277 1211 3350 faculta·
1253 3271 1259 3296 ¹

92 3385 98 3450 .'
162 3393 257 3472 tem,
280 3375 408 3467 quietis
427 3374 633 3467 impatiens,
658 3371 851 3467 largiatur?
878 3372 962 3447 Sive
978 3375 1085 3471 igitur
1100 3375 1135 3446 in
1155 3391 1212 3446 ca·

159 3481 236 3572 pite
254 3496 351 3550 mens
372 3472 530 3565 habitat,
555 3471 686 3545 sivein
707 3470 875 3568 pedore,
902 3473 1066 3565 potestne
1086 3471 1212 3562 aliquia

163 3573 495 3667 comprehendere,
521 3592 597 3662 quo
614 3573 670 3644 vis
689 3571 838 3645 rationis
859 3570 1009 3665 efficiat,
1035 3584 1076 3643 ut
1095 3567 1211 3648 sensus

93 3713 94 3720 κ
162 3667 601 3768 ille-incomprehenlibllia
616 3683 684 3758 ¹aut
694 3672 731 3745 in
743 3671 896 3746 medulla
911 3670 1049 3745 cerebri
1064 3668 1211 3767 haereat,

166 3787 229 3850 aut
243 3771 279 3842 in
293 3773 355 3843 illo
373 3771 537 3868 sanguine
552 3769 746 3863 bipartito,
773 3772 832 3864 qui
849 3769 899 3845 est
914 3763 1066 3843 inclusor
1081 3768 1117 3842 iri
1133 3789 1216 3844 cor.

168 3870 240 3948 de?
268 3891 308 3941 ac
325 3890 401 3942 non
423 3892 468 3943 ex
491 3890 537 3943 eo
559 3866 636 3964 ipso
656 3872 822 3968 colligat,
848 3884 980 3959 quanta
1001 3864 1043 3939 fit
1060 3866 1131 3942 Dei
1148 3891 1215 3963 po·

92 4033 95 4048 .
167 3970 297 4068 testas,
323 3970 423 4064 quod
438 3966 571 4047 animus
590 3966 625 4044 se
641 3967 753 4150 ipksium
766 3988 847 4049 non
863 3964 985 4063 videt,
1010 3979 1071 4045 aut
1088 3967 1214 4065 qualia,

92 4122 99 4131 .
727 4089 747 4162 5
1108 4078 1177 4138 ulli.
