2775 4792
204 497 206 501 Ι
319 372 765 481 ciceronianae
785 425 841 479 ua
872 370 1074 482 IasDat.
1159 427 1229 501 145

170 562 267 639 ranti
283 562 316 638 dr
330 562 498 660 ingrato?
525 560 583 637 An
600 564 717 657 aliqua
731 566 873 665 radone
892 565 1048 640 ouurrcu
1066 564 1134 641 else
1146 567 1227 660 pos-

171 663 289 739 sumus
321 663 381 755 ei,
413 663 477 755 qui
506 663 598 736 nihil
625 663 756 753 habeat
787 676 979 739 commune
1009 664 1226 741 nobiscuml

173 762 334 860 „Deus,
358 763 475 852 inquit
498 760 651 854 Cicero,
676 762 701 833 sr
720 763 800 835 talis
824 763 896 856 est,
922 777 964 837 ut
983 766 1079 837 nulla
1099 766 1225 862 gratia,

174 863 308 955 „nulla
330 861 516 935 hominum
530 861 711 941 ‘charitate
730 854 917 954 teneatur,
943 862 1073 940 valeat.
1127 865 1225 958 Quid

170 960 304 1055 „enim
322 961 456 1051 dicam,
482 959 659 1052 propitius
676 957 745 1031 sul
770 959 840 1033 esse
859 964 949 1035 enlm
964 957 1143 1055 propitius
1157 962 1225 1055 po·

169 1059 278 1151 „test
304 1057 447 1134 nemini.
463 1059 491 1098 “
546 1058 649 1157 Quid
675 1062 916 1153 contemptius
944 1062 1161 1155 dicipotuit
1185 1063 1225 1136 iu

169 1155 316 1231 Deum‘l
352 1157 510 1248 Valeat,
542 1157 676 1249 inquit;
712 1157 842 1253 idest,
877 1163 981 1231 abeat
1006 1159 1039 1233 δι
1064 1158 1225 1252 recedat,

170 1256 316 1346 quando
347 1252 510 1349 prodess’e
533 1253 642 1344 'nulli'
657 1255 789 1351 potest.
851 1257 962 1355 Quod
987 1256 1013 1331 sr
1037 1259 1225 1355 negotium

169 1352 273 1435 Deus
294 1373 362 1427 nec
381 1354 518 1447 habet,¹
537 1376 605 1428 nec
625 1355 795 1446 exhibet,
822 1375 894 1427 cura
908 1377 983 1430 non
1003 1376 1090 1452 ergo
1114 1358 1225 1431 delin-

171 1473 338 1546 quamus,
365 1454 508 1545 quoties
526 1446 711 1527 hominurn
732 1449 984 1527 conscientiam
1003 1455 1126 1529 fallere
1141 1455 1225 1528 lice·

170 1551 253 1642 bit,
281 1573 321 1625 ac
344 1554 439 1649 leges
459 1552 617 1644 publicas
643 1551 960 1626 circumscribere?
995 1553 1223 1644 Ubicumque

170 1651 277 1723 nobis
297 1652 427 1724 latendi
451 1652 595 1725 occasio
619 1649 792 1742 arriserit,
818 1651 1040 1724 consulamus
1060 1653 1138 1743 rei,
1165 1672 1227 1726 au·

168 1747 322 1825 feramus
339 1748 479 1845 aliena,
501 1752 560 1822 vel
577 1749 653 1828 sine
669 1744 820 1840 cruore,
846 1752 906 1822 vel
928 1754 1033 1823 etiam
1052 1769 1132 1823 cum
1150 1749 1225 1822 san-

146 1872 148 1877 ·
169 1849 298 1942 guine,
330 1849 355 2017 {a
378 1850 508 1940 praet'er
530 1846 637 1945 leges
654 1850 743 1922 nihil
770 1848 821 1921 est
843 1851 1011 1942 amplius,
1031 1847 1137 1940 ·quod
1163 1868 1227 1921 co·

123 1974 127 1985 ¹
168 1947 315 2019 lendum
343 1959 383 2019 rt.
599 1976 604 1988 ·
652 1978 658 1991 ·
736 1974 740 1983 ·

159 2084 162 2091 ,
201 2082 204 2087 ·
245 2042 437 2117 Haedum
454 2041 562 2116 sentit
578 2034 790 2138 Epicurus,
814 2043 1040 2139 Religionem
1064 2043 1226 2118 funditus

169 2142 288 2231 delet;
315 2160 388 2235 qua
402 2138 561 2234 sublata,
590 2139 754 2217 consufio
777 2164 818 2217 ac
838 2146 1060 2236 perurrbatio
1075 2145 1161 2216 vitae
1177 2140 1228 2215 se·

170 2253 310 2333 quetur.
361 2241 473 2342 Quod
494 2241 667 2341 irreligio¹
687 2243 767 2315 tolli
787 2263 862 2315 non
885 2243 1029 2336 potest«,
1057 2241 1090 2315 dc
1112 2254 1159 2315 ut
1176 2239 1228 2316 sa·.

170 2340 364 2435 pientiam,
398 2358 465 2432 qua
489 2339 651 2415 distamus
675 2362 695 2414 a
719 2342 868 2433 belluis,
902 2341 1118 2432 &justitiam
1142 2343 1227 2421 reti-

152 2460 342 2532 neamus,
375 2459 444 2530 qua
468 2440 666 2514 communis
693 2440 770 2512 vita
794 2440 837 2512 fit
860 2441 1002 2528 tutior,
1037 2440 1226 2530 quomodo

153 2535 313 2634 ¹Religio
337 2534 409 2628 ipsa
431 2537 502 2610 fine
526 2552 625 2612 metu
650 2538 766 2624 teneri
795 2553 855 2609 aut
885 2536 1053 2610 custodiri
1080 2536 1229 2630 potest?
1272 2536 1307 2599 Ἰ

171 2636 286 2735 Quod
309 2635 500 2733 enim'uon
519 2638 711 2728 metuitur,
738 2636 999 2710 contemnitur:
1027 2636 1229 2726 quodcun-

171 2734 366 2822 temnitur,
389 2733 521 2822 'utique
541 2753 617 2805 non
640 2732 788 2827 colitur.
836 2732 890 2821 lta
912 2730 974 2825 fit,
1006 2746 1047 2804 ut
1068 2732 1227 2826 Religio,

172 2830 208 2904 u
234 2827 413 2922 majestas,
446 2828 939 2904 &honor-metuconllett'
965 2845 1079 2903 metus
1107 2844 1230 2909 autem

172 2950 251 3003 non
276 2927 352 3021 est,
383 2929 444 3001 ubi
466 2927 582 3002 nullus
607 2930 777 3004 irascitur.
838 2928 924 3001 Siue
949 2929 1055 3025 igitur
1078 2930 1228 3024 gratiam

171 3018 281 3119 Deo,
306 3023 380 3100 save
398 3029 504 3117 iram,
530 3028 604 3100 srve
617 3043 807 3121 utrumque
825 3029 1040 3115 detraxeris,
1066 3028 1229 3124 Religio·

172 3146 256 3200 nem
278 3126 360 3197 tolli
381 3125 520 3198 necesse
543 3126 616 3218 est,
648 3127 804 3220 sineque
824 3127 900 3200 uita
918 3127 1101 3201 hominum
1118 3126 1231 3199 stulti-

174 3226 247 3315 tia,
273 3221 422 3312 seelere,
446 3227 662 3298 immanitate
685 3227 896 3318 completur.
936 3226 1112 3299 'Multum
1132 3226 1228 3305 enim

174 3323 343 3397 refrenat
366 3323 528 3399 homines
559 3322 860 3420 conscientia,usr
887 3324 1069 3399 credamus
1094 3343 1162 3394 nos
1189 3321 1228 3396 iu

176 3418 369 3514 conspetu
387 3416 457 3507 Dei
476 3423 623 3508 uivere,
651 3422 674 3496 sr
697 3443 774 3494 non
799 3436 935 3497 tanturn
958 3444 1035 3513 quae
1058 3422 1226 3517 gerimus,

175 3519 292 3592 videri
318 3517 491 3612 desuper,
523 3517 581 3592 sed
607 3521 712 3593 etiam
736 3540 812 3611 quae
832 3524 1053 3615 cogitamus,
1092 3532 1153 3591 aut
1172 3520 1227 3592 lo-

128 3706 132 3721 ι
178 3619 339 3713 quimus,
365 3617 475 3691 audiri
494 3640 513 3690 a
532 3617 616 3690 Deo
637 3634 813 3714 putemus.
865 3620 1008 3692 Atenim
1029 3614 1173 3711 prodest
1190 3616 1228 3689 id

179 3715 345 3799 credere,
368 3729 411 3790 ut
424 3717 562 3809 quidam
578 3730 723 3810 putant,
748 3740 821 3791 non
835 3720 998 3792 veritatis
1011 3715 1141 3812 gratia,
1168 3712 1227 3788 sed
1262 3750 1265 3755 ⁷

178 3812 369 3902 utilitatis;
404 3808 572 3907 quoniam
602 3817 698 3912 leges
725 3817 976 3891 conscientiam
1001 3815 1126 3909 punire
1149 3836 1227 3887 non

178 3908 346 4008 possunt,
370 3912 433 3987 nifi
448 3913 571 4005 aliquis
589 3913 736 4008 defirper.
753 3931 870 3989 terror
888 3913 1095 4006 impendeat
1107 3914 1150 3987 ad
1165 3932 1226 3984 co-

146 4040 148 4045 ·
176 4009 333 4087 hibenda
350 4026 508 4102 peccata.
564 4012 663 4091 Falsa
685 4012 735 4089 est
753 4015 858 4110 igitur
881 4013 996 4090 omnis
1020 4014 1165 4108 religio,
1192 4012 1227 4084 dc

227 4102 549 4211 LauanerJt
780 4112 814 4189 K
891 4136 893 4140 ⁴
1049 4109 1181 4186 diuisis·
1290 4190 1295 4195 ,
