2775 4792
165 438 233 510 152
280 414 577 494 Lecrnuru
601 431 752 490 orrea
775 431 836 486 or.
858 405 947 488 I'nt
970 411 1084 522 Dan·
1177 381 1180 386 ¹

161 573 332 655 munduin
348 572 541 670 primordia
553 571 616 646 ista
629 586 865 668 generarent,
876 591 952 646 -cur
963 573 1024 648 srbi
1037 573 1099 647 Dii
1112 571 1211 664 habi·

160 678 319 751 taculum
334 694 410 747 non
422 665 652 748 aediii'carints
679 670 881 765 Videlicet,
904 671 966 746 nist
982 672 1092 747 atomi
1109 671 1213 746 coiis·

160 774 269 868 sent,
303 775 500 862 coelumque
523 767 707 844 fecissent:
743 769 861 872 adhuc·
881 767 1211 866 uttpeernediun

162 874 269 948 inane
288 877 495 965 penderent.
553 871 640 964 Quo
661 869 767 966 igitur
787 869 958 961 consilio,
986 889 1053 962 qua
1069 873 1214 946 ratione

165 973 211 1047 de
234 969 384 1046 confuso
407 989 541 1041 acervo
563 966 598 1040 se
621 967 731 1044 atomi
752 965 1082 1066 congregaverunt,
1105 985 1151 1041 ut
1167 979 1214 1044 ert

164 1072 242 1146 aliis
258 1070 404 1144 inferius
416 1083 513 1142 terra
526 1066 819 1163 conglobaretur,
835 1070 963 1152 coelum
978 1067 1124 1161 desuper
1138 1081 1216 1142 ten·

165 1172 331 1260 deretur,
358 1182 457 1240 tanta
470 1166 619 1240 siderum
636 1167 813 1240 varietate
830 1165 1050 1260 distinstum,
1071 1180 1114 1238 ut
1127 1167 1216 1240 nihii

164 1289 320 1360 unquam
341 1266 539 1361 excogitari
561 1265 664 1359 possit
686 1265 874 1339 ornatius?
906 1264 1025 1340 Tanta
1044 1285 1138 1362 ergo
1156 1263 1216 1358 qui

166 1368 291 1441 videat
311 1365 344 1437 dr
366 1366 474 1454 talia,
506 1361 625 1458 potest
646 1361 842 1438 existimare
868 1365 969 1442 nuslo
996 1363 1125 1438 effecta
1148 1361 1235 1458 esse,

170 1465 346 1555 consilio,
380 1463 476 1536 nulla
499 1462 753 1560 providentia,
785 1465 882 1537 nulla
908 1463 1057 1561 ratione·
1073 1463 1216 1552 divina3

167 1564 228 1641 sed
248 1581 292 1636 ert
311 1566 437 1637 atomis
459 1561 665 1662 subtilibus,
690 1563 826 1658 exiguis
844 1573 1016 1636 concreta
1033 1559 1102 1636 effe
1119 1576 1221 1636 taota

168 1660 365 1740 miracula?
396 1660 534 1734 Nonne
550 1661 717 1757 prodigio
735 1660 842 1736 simile
864 1660 914 1734 est
932 1674 994 1738 aut
1011 1675 1134 1735 natum
1151 1659 1220 1736 esse

169 1765 375 1851 hominem,
395 1759 461 1856 ¹qui
475 1759 550 1832 haec
565 1759 722 1852 diceret,
748 1771 810 1833 aut
823 1759 997 1852 extitisse,
1020 1761 1084 1853 qui
1099 1757 1219 1834 ere'de²

97 1874 103 1882 “
171 1861 256 1934 ret?
282 1871 324 1934 ut
339 1859 612 1952 Democritum,
633 1860 692 1950 qui
706 1856 848 1932 auditor
862 1859 937 1952 ejus
950 1857 1042 1951 suit,
1063 1860 1124 1934 vel
1139 1855 1221 1954 Epi·
1246 1869 1249 1874 ·

174 1982 323 2052 curum,
355 1959 393 2031 in
418 1978 522 2050 quem
547 1957 686 2031 vanitas
709 1958 825 2032 omnic
851 1956 896 2032 dc
919 1957 1094 2052 Leucippi
1117 1957 1222 2033 fonte

173 2058 361 2156 profluxit.
419 2055 471 2128 At
491 2058 604 2149 enim,
630 2051 720 2130 sicut
739 2058 795 2130 aiii
817 2053 960 2150 dicunt,
984 2071 1110 2132 natura
1124 2077 1223 2132 mun·

175 2159 242 2232 dus
258 2154 402 2228 effectus
417 2152 486 2245 est,
505 2175 581 2246 quae
593 2152 692 2229 sensu
706 2153 739 2228 ἃ
752 2154 863 2253 figura
875 2168 984 2231 caret.
1032 2155 1117 2230 Hoc
1131 2175 1223 2232 vero

174 2257 292 2330 multo
315 2249 366 2325 est
381 2249 570 2325 absurdius.
620 2252 657 2324 Si
672 2269 803 2354 natura
819 2255 1114 2347 mundumseeit,
1141 2275 1225 2330 con·

161 2352 252 2428 'filio
273 2350 307 2424 dc
325 2351 467 2425 ratione
482 2348 633 2444 fecerit,
657 2349 797 2426 necesse
810 2352 881 2442 est3
908 2354 937 2425 is
955 2355 1050 2431 enim
1065 2353 1154 2427 facit
1168 2356 1225 2428 aii·

176 2451 284 2545 quid,
311 2451 371 2542 qui
387 2465 448 2523 cut
465 2451 691 2542 voluntatem
705 2447 863 2528 faciendi
884 2452 1014 2545 babet,
1040 2467 1102 2526 aut
1117 2452 1225 2528 scien·

176 2554 275 2626 tiam.
326 2549 362 2621 si
383 2561 481 2621 caret
498 2548 594 2623 sensu
612 2571 654 2623 ac
674 2545 809 2647 figura,
834 2550 1020 2646 quomodo
1043 2551 1164 2645 potest
1181 2547 1224 2628 ab

178 2673 223 2724 ea
238 2647 337 2742 fieri,
364 2649 461 2742 quod
476 2647 509 2720 &
522 2647 654 2722 sensum
665 2649 795 2723 habeat
809 2650 842 2723 d:
856 2648 1031 2748 figuram?
1050 2651 1111 2725 niti
1126 2651 1224 2726 forte

180 2751 259 2842 quis
278 2751 493 2839 arbitretur,
527 2750 725 2824 animalium
748 2749 916 2825 fabricam
932 2764 1007 2824 tant
1027 2747 1188 2825 subtilem
1206 2771 1226 2824 a

178 2869 257 2924 non
275 2849 448 2922 sentiente
462 2847 608 2920 formari
626 2849 841 2939 animarique
857 2848 1029 2945 potuisse3
1054 2865 1116 2924 aut
1127 2851 1226 2924 istam

180 2948 262 3020 eoeli
284 2948 457 3038 speciem,
488 2960 560 3016 tam
582 2947 818 3038 providenter
841 2948 884 3020 ad
904 2948 1075 3032 utilitates
1091 2950 1226 3040 ‘viucu-

179 3044 270 3116 tium
292 3056 542 3135 temperatam,
567 3039 782 3132 nescioquo
807 3042 906 3140 casu,
931 3046 1002 3121 fine
1023 3048 1226 3130 conditore,

179 3137 253 3224 fine
270 3137 428 3230 artifice,
454 3137 570 3214 subito
587 3137 750 3219 extitisse.
874 3215 877 3220 ,
1051 3160 1054 3168 ’

245 3292 284 3334 ¹„
296 3240 331 3312 Si
347 3235 514 3331 quidest,
534 3239 647 3332 inquit
657 3239 896 3336 Chrysippus,
918 3229 1021 3336 quod
1031 3242 1160 3318 efficiat
1175 3267 1228 3340 ea,

99 3343 105 3376 ⁸
182 3361 302 3437 „quae
323 3340 458 3431 homo,
482 3337 568 3412 licet
588 3341 730 3438 ratione
751 3340 793 3434 stt
806 3342 993 3438 praeditus,
1018 3345 1136 3418 facere
1152 3366 1230 3418 non

95 3483 99 3492 ·
184 3437 346 3536 „poffit,
362 3437 398 3510 id
417 3436 582 3530 prosedto
603 3438 654 3513 est
667 3439 801 3532 majus,
820 3440 861 3534 ⁸&
876 3442 1036 3536 fortius„
1054 3442 1230 3540 &sapien
1254 3455 1259 3484 ¹

183 3591 213 3631 „
224 3538 295 3622 tius
313 3538 477 3632 ,homine
491 3535 519 3579 “
575 3537 700 3613 Homo
725 3550 942 3614 autemnon
966 3540 1085 3636 potest
1111 3544 1231 3618 sacere

108 3699 110 3704 .
185 3636 359 3725 coelestia3
393 3654 480 3730 ergo
500 3636 610 3730 illud,
641 3637 738 3730 quod
755 3634 832 3730 haec
848 3638 996 3731 efficiet,
1022 3642 1082 3712 vel
1101 3640 1231 3718 effece-

184 3736 253 3825 rit,
274 3735 412 3831 superat
427 3734 607 3810 hominem
624 3751 720 3828 arte,
739 3738 913 3829 commin,
939 3738 1147 3833 prudentia,
1167 3764 1231 3836 po·

184 3834 323 3910 testate.
375 3834 465 3934 Quis
481 3835 587 3930 igitur
604 3833 724 3928 potest
743 3834 833 3926 esse,
855 3837 915 3910 nisi
929 3835 1071 3910 Deuss.
1092 3837 1232 3922 Natura

186 3953 303 4022 vero,
338 3954 441 4021 quam
469 3934 583 4007 veluti
600 3947 754 4010 ¹ruatretn
780 3933 849 4010 eise
874 3955 988 4010 rerum
1015 3951 1172 4034 putant,
1206 3940 1230 4014 st

187 4045 431 4113 meutemnon
448 4033 574 4131 habet,
600 4026 827 4114 oirilcfficiet
846 4055 1020 4136 unquam,
1045 4038 1131 4211 nlilhil
1155 4060 1232 4114 mo·

883 4153 886 4161 ·
1078 4138 1179 4216 etur.
1230 4180 1233 4188 ·
