2775 4792
127 507 129 512 Ι
210 401 480 526 inscrtum
502 397 898 495 Err'rour'nrvru.
922 416 1169 501 lusrrrur.
1197 445 1242 522 23

183 557 621 671 autores--malprum,*nc
643 602 686 654 ea
707 580 927 678 gubernant,
952 577 1001 656 fic
1023 596 1240 681 temperant,

181 691 224 747 ut
245 697 332 770 uera
357 678 559 754 credantur.
619 680 687 774 Ipfi
707 679 816 755 etiam
835 681 980 785 magica¹
998 685 1081 756 artis
1106 685 1240 779 praesti·

181 777 254 873 gias
281 776 692 854 adcircumscribendos
717 782 847 853 oculos
871 783 1095 874 repererunt.
1150 787 1238 859 lllo·

178 896 258 949 rum
276 873 590 972 adspiratione'fit,
617 893 658 953 ut
674 879 772 971 quod
787 879 849 971 fit,
862 900 952 954 non
969 880 1059 975 eise,
1087 881 1236 975 &quod

177 995 256 1050 uon
273 976 342 1070 sit,
368 974 437 1049 eise
455 978 631 1054 videatur.
671 978 749 1075 ,lpfi
767 983 1052 1073 necromantias,
1079 981 1142 1073 ipsr
1161 982 1236 1057 sor·
1281 1061 1286 1068 ,

174 1088 233 1149 tes
258 1074 458 1149 &oracula
475 1077 715 1169 invenerunt,
742 1093 783 1151 ut
801 1096 939 1153 mentes
959 1080 1145 1155 hominum
1168 1103 1233 1174 per

175 1173 373 1270 ambiguos.
389 1179 504 1250 exitus
527 1179 676 1252 mentita
701 1178 926 1253 divinatione
946 1179 1131 1256 deludante
1189 1181 1234 1256 In

174 1275 319 1366 templis
340 1294 431 1347 vero
452 1275 486 1347 dc
507 1274 683 1351 sacrificiis
701 1280 865 1351 omnibus
885 1277 1073 1370 praesentes
1094 1277 1232 1375 adsunt,
1274 1311 1278 1318 ·

175 1373 208 1446 e
228 1374 399 1470 prodigiis
415 1377 622 1467 quibusdam
639 1377 822 1452 fallacibus
838 1378 944 1451 editis
961 1379 1005 1452 ad
1019 1380 1231 1457 miraculum

136 1537 139 1548 .
172 1472 420 1569 praesentium,
452 1474 499 1548 fic
524 1475 688 1552 homines
713 1477 1023 1573 circumveniunt,
1058 1492 1101 1550 ut
1120 1478 1230 1555 inesse

172 1594 306 1648 numen
334 1574 522 1649 simulacris
551 1573 817 1670 &imaginibus
842 1577 1028 1652 credant..
1060 1576 1228 1671 Irrepunt

173 1676 280 1745 etiam
314 1675 558 1768 corporibus,
593 1688 634 1747 ut
665 1673 804 1771 spiritus
830 1688 981 1768 tenues,
1020 1676 1227 1770 vitiatisque

170 1775 366 1865 membris,
399 1769 549 1848 morbos
571 1776 769 1869 conciunt,
803 1793 894 1867 quos
915 1772 1092 1849 sacrificiis
1109 1778 1226 1852 votis·

171 1893 240 1964 que
264 1875 393 1969 placati
409 1872 637 1967 postmodum
654 1878 836 1949 relaxent:
862 1873 994 1948 somnia
1011 1876 1225 1971 immittunt,

147 1979 233 2044 'aut
255 1975 361 2067 plane
385 1986 573 2065 terrores,
609 1988 651 2045 ut
672 1974 736 2066 ipsi
758 1988 956 2070 rogentur,
983 1987 1045 2047 aut
1070 1996 1225 2068 quorum

127 2157 129 2164 ¹
168 2073 285 2147 exitus
305 2058 545 2163 respondeant
560 2074 725 2154 veritati,
749 2088 791 2145 ut
807 2074 1079 2148 venerationem
1097 2071 1148 2146 sui
1162 2097 1224 2147 au·
1292 2075 1301 2081 ”

167 2187 286 2268 geant.
320 2216 327 2236 ·.
345 2170 615 2264 Nonnunquam
638 2174 744 2246 etiam
764 2174 802 2246 in
821 2171 1010 2270 sacrilegos
1028 2174 1141 2264 edunt
1163 2175 1223 2248 ali·

123 2271 125 2276 '
167 2272 251 2363 quid
272 2272 444 2363 ultionis,
479 2285 521 2344 ut
540 2273 696 2364 quisquis
717 2273 873 2368 viderit,
900 2272 1059 2346 timidior
1079 2294 1122 2348 ae
1141 2276 1223 2348 reli·
1276 2321 1279 2330 ·

163 2371 295 2467 giolior
314 2367 387 2445 fiat.
439 2369 497 2442 Sic
513 2371 693 2445 fraudibus
714 2371 781 2445 suis
806 2373 1037 2450 obduxerunt
1060 2374 1219 2448 humano

164 2471 490 2565 generi‘tenebras,
517 2485 557 2554 ut
571 2469 733 2564 oppressa
752 2473 926 2565 veritate,
952 2468 1074 2547 summi
1093 2493 1136 2546 ac
1155 2473 1219 2547 fin·

165 2571 293 2665 gularis
313 2568 385 2643 Dei
401 2591 535 2644 nomen
551 2571 589 2643 in
606 2572 832 2645 oblivionem
851 2573 1006 2646 veniret.
1114 2645 1118 2652 ,
1280 2571 1284 2577 '

456 2906 986 3016 cnrurxxmz„

165 3053 180 3098 '¹
336 3067 388 3143 De
414 3075 479 3143 Dei
505 3074 669 3143 Parimria
694 3087 796 3168 arque*
817 3070 1035 3144 Providentia.

155 3268 254 3448 Sed
273 3268 359 3341 dicit
375 3269 565 3361 quispiam:
600 3265 673 3340 Cur
689 3287 776 3364 ergo
794 3288 903 3342 verus
921 3269 981 3342 ille
1001 3266 1101 3341 Deus
1121 3265 1211 3362 pati·
1266 3303 1280 3340 ,-

232 3382 292 3440 tur
316 3371 392 3442 lraec
415 3364 521 3439 fieri?
541 3366 617 3439 -An
637 3369 760 3459 potius
780 3370 893 3440 malos
913 3370 973 3440 vel
990 3364 1206 3456 summovet,

157 3472 219 3542 vel
241 3467 443 3563 extinguit?
472 3465 543 3538 Cur
558 3469 654 3538 ¹vero
672 3467 733 3559 ipsr
748 3466 899 3539 daemoni
913 3465 1023 3571 α’ρχην
1043 3464 1207 3559 aprinci-

154 3571 218 3662 pio
236 3567 342 3658 fecit,
367 3581 410 3637 ut
430 3565 538 3657 esset,
565 3566 625 3656 qui
647 3566 771 3639 cunita
789 3582 1054 3659 corrumperet,
1080 3561 1206 3636 cuncte
1242 3567 1246 3574 '
1292 3659 1295 3664 Ι

151 3665 400 3759 disperderet?
438 3666 564 3738 Dicam
584 3667 765 3758 breviter,
801 3685 863 3738 cur
885 3668 980 3739 hunc
1004 3667 1111 3736 talem
1135 3660 1204 3737 eise
1232 3725 1236 3740 r

153 3767 352 3841 voluerint.
415 3766 551 3862 Quaero
576 3781 742 3839 utrumne
767 3766 881 3838 virtus
909 3768 1045 3838 bonurn
1068 3764 1129 3854 srt,
1157 3784 1202 3835 an

152 3865 312 3940 malum?
346 3863 481 3960 Negoti
500 3886 576 3937 non
600 3864 743 3957 potest,
770 3866 852 3958 quin
872 3869 1020 3936 bonum.
1076 3863 1112 3935 Si
1136 3864 1203 3934 bo-

152 3987 239 4038 num
258 3962 308 4035 est
326 3965 473 4056 virtus,
487 3967 615 4038 malum
632 3964 682 4036 est
698 3966 805 4060 igitur
820 3987 840 4036 e
858 3963 1041 4036 contrario
1061 3964 1200 4043 vitium.

153 4064 190 4140 Si
203 4057 332 4140 vitium
345 4083 390 4137 ex
405 4085 450 4138 eo
468 4066 597 4140 malum
614 4061 665 4138 est
678 4064 799 4239 ,Bquia
817 4064 989 4144 virtutem
1003 4063 1204 4233 impugrgrt,

190 4200 195 4210 '
745 4187 771 4259 4

683 4442 690 4464 ζ
725 4445 838 4465 ..a-n·-
945 4443 1086 4465 ..L-nhu-
1191 4443 1197 4464 s
