<?xml version="1.0" encoding="UTF-8"?>
<!DOCTYPE html PUBLIC "-//W3C//DTD XHTML 1.0 Transitional//EN"
    "http://www.w3.org/TR/xhtml1/DTD/xhtml1-transitional.dtd">
<html xmlns="http://www.w3.org/1999/xhtml" xml:lang="en" lang="en">
 <head>
  <title>
</title>
<meta http-equiv="Content-Type" content="text/html;charset=utf-8" />
  <meta name='ocr-system' content='tesseract 3.04.00' />
  <meta name='ocr-capabilities' content='ocr_page ocr_carea ocr_par ocr_line ocrx_word'/>
</head>
<body>
  <div class='ocr_page' id='page_1' title='image "./operaomniasanct05librgoog_0115.png"; bbox 0 0 2775 4792; ppageno 0'>
   <div class='ocr_carea' id='block_1_1' title="bbox 207 385 1292 540">
    <p class='ocr_par' dir='ltr' id='par_1_1' title="bbox 207 385 1292 540">
     <span class='ocr_line' id='line_1_1' title="bbox 207 385 1292 540; baseline 0.004 -51"><span class='ocrx_word' id='word_1_1' title='bbox 207 415 483 512; x_wconf 67' lang='lat' dir='ltr'>Lucrinum</span> <span class='ocrx_word' id='word_1_2' title='bbox 507 427 641 489; x_wconf 74' lang='lat' dir='ltr'>erun</span> <span class='ocrx_word' id='word_1_3' title='bbox 667 429 729 498; x_wconf 75' lang='lat' dir='ltr'>nt</span> <span class='ocrx_word' id='word_1_4' title='bbox 754 405 977 504; x_wconf 66' lang='lat' dir='ltr'>Oet-erere</span> <span class='ocrx_word' id='word_1_5' title='bbox 1001 385 1106 492; x_wconf 73' lang='lat' dir='ltr'>Dera</span> <span class='ocrx_word' id='word_1_6' title='bbox 1133 435 1202 508; x_wconf 81' lang='lat'>105</span> <span class='ocrx_word' id='word_1_7' title='bbox 1288 509 1292 540; x_wconf 46' lang='grc' dir='ltr'>Ι</span> 
     </span>
    </p>
   </div>
   <div class='ocr_carea' id='block_1_2' title="bbox 139 567 1217 2267">
    <p class='ocr_par' dir='ltr' id='par_1_2' title="bbox 139 567 1217 2267">
     <span class='ocr_line' id='line_1_2' title="bbox 139 567 1211 674; baseline 0.006 -24"><span class='ocrx_word' id='word_1_8' title='bbox 139 567 269 674; x_wconf 69' lang='lat' dir='ltr'>eapitis</span> <span class='ocrx_word' id='word_1_9' title='bbox 294 596 357 670; x_wconf 85' lang='lat' dir='ltr'>per</span> <span class='ocrx_word' id='word_1_10' title='bbox 381 578 526 672; x_wconf 75' lang='lat' dir='ltr'>exiguas¹</span> <span class='ocrx_word' id='word_1_11' title='bbox 552 592 787 647; x_wconf 87' lang='lat' dir='ltr'>cavernarum</span> <span class='ocrx_word' id='word_1_12' title='bbox 809 573 952 648; x_wconf 82' lang='lat' dir='ltr'>rimulas</span> <span class='ocrx_word' id='word_1_13' title='bbox 979 579 1211 672; x_wconf 70' lang='lat' dir='ltr'>attendereta·</span> 
     </span>
     <span class='ocr_line' id='line_1_3' title="bbox 139 671 1214 775; baseline 0.003 -23"><span class='ocrx_word' id='word_1_14' title='bbox 139 692 187 752; x_wconf 91' lang='lat' dir='ltr'>ut</span> <span class='ocrx_word' id='word_1_15' title='bbox 215 676 315 770; x_wconf 89' lang='lat' dir='ltr'>srquis</span> <span class='ocrx_word' id='word_1_16' title='bbox 340 677 434 750; x_wconf 87' lang='lat' dir='ltr'>velit</span> <span class='ocrx_word' id='word_1_17' title='bbox 458 671 674 770; x_wconf 85' lang='lat' dir='ltr'>transpicere</span> <span class='ocrx_word' id='word_1_18' title='bbox 706 692 771 767; x_wconf 88' lang='lat' dir='ltr'>per</span> <span class='ocrx_word' id='word_1_19' title='bbox 800 674 984 767; x_wconf 79' lang='lat' dir='ltr'>cicutam,</span> <span class='ocrx_word' id='word_1_20' title='bbox 1017 698 1094 754; x_wconf 90' lang='lat' dir='ltr'>non</span> <span class='ocrx_word' id='word_1_21' title='bbox 1123 683 1214 775; x_wconf 76' lang='lat' dir='ltr'>plut,</span> 
     </span>
     <span class='ocr_line' id='line_1_4' title="bbox 140 771 1204 873; baseline -0.004 -25"><span class='ocrx_word' id='word_1_22' title='bbox 140 776 310 873; x_wconf 71' lang='lat' dir='ltr'>prosedo</span> <span class='ocrx_word' id='word_1_23' title='bbox 337 787 483 868; x_wconf 86' lang='lat' dir='ltr'>cernat,</span> <span class='ocrx_word' id='word_1_24' title='bbox 509 795 614 866; x_wconf 85' lang='lat' dir='ltr'>quam</span> <span class='ocrx_word' id='word_1_25' title='bbox 638 775 765 844; x_wconf 78' lang='lat' dir='ltr'>cicutae</span> <span class='ocrx_word' id='word_1_26' title='bbox 781 771 887 863; x_wconf 81' lang='lat' dir='ltr'>ipsrut</span> <span class='ocrx_word' id='word_1_27' title='bbox 909 777 1086 869; x_wconf 80' lang='lat' dir='ltr'><strong>capacitas</strong></span> <span class='ocrx_word' id='word_1_28' title='bbox 1105 799 1204 859; x_wconf 76' lang='lat' dir='ltr'>cum.</span> 
     </span>
     <span class='ocr_line' id='line_1_5' title="bbox 140 871 1213 973; baseline 0.011 -26"><span class='ocrx_word' id='word_1_29' title='bbox 140 876 352 973; x_wconf 84' lang='lat' dir='ltr'><strong>prehendat.</strong></span> <span class='ocrx_word' id='word_1_30' title='bbox 389 873 530 966; x_wconf 85' lang='lat' dir='ltr'>¹Itaque</span> <span class='ocrx_word' id='word_1_31' title='bbox 554 873 597 946; x_wconf 81' lang='lat' dir='ltr'>ad</span> <span class='ocrx_word' id='word_1_32' title='bbox 621 871 817 946; x_wconf 85' lang='lat' dir='ltr'>videndum</span> <span class='ocrx_word' id='word_1_33' title='bbox 832 875 1006 950; x_wconf 83' lang='lat' dir='ltr'>-nrembrit</span> <span class='ocrx_word' id='word_1_34' title='bbox 1026 880 1150 972; x_wconf 87' lang='lat' dir='ltr'>potina</span> <span class='ocrx_word' id='word_1_35' title='bbox 1167 885 1213 968; x_wconf 80' lang='lat' dir='ltr'>iu,</span> 
     </span>
     <span class='ocr_line' id='line_1_6' title="bbox 142 970 1208 1073; baseline -0.002 -25"><span class='ocrx_word' id='word_1_36' title='bbox 142 980 270 1052; x_wconf 88' lang='lat' dir='ltr'>orbern</span> <span class='ocrx_word' id='word_1_37' title='bbox 290 974 519 1070; x_wconf 79' lang='lat' dir='ltr'>conglobatis</span> <span class='ocrx_word' id='word_1_38' title='bbox 539 992 632 1066; x_wconf 86' lang='lat' dir='ltr'>opus</span> <span class='ocrx_word' id='word_1_39' title='bbox 652 971 741 1062; x_wconf 87' lang='lat' dir='ltr'>suit,</span> <span class='ocrx_word' id='word_1_40' title='bbox 766 984 809 1045; x_wconf 95' lang='lat' dir='ltr'>ut</span> <span class='ocrx_word' id='word_1_41' title='bbox 825 970 920 1046; x_wconf 83' lang='lat' dir='ltr'>visut</span> <span class='ocrx_word' id='word_1_42' title='bbox 939 975 974 1048; x_wconf 92' lang='lat' dir='ltr'>in</span> <span class='ocrx_word' id='word_1_43' title='bbox 990 978 1099 1052; x_wconf 84' lang='lat' dir='ltr'>iatum</span> <span class='ocrx_word' id='word_1_44' title='bbox 1113 979 1208 1073; x_wconf 84' lang='lat' dir='ltr'>spat.</span> 
     </span>
     <span class='ocr_line' id='line_1_7' title="bbox 142 1069 1207 1172; baseline 0.006 -22"><span class='ocrx_word' id='word_1_45' title='bbox 142 1091 317 1172; x_wconf 84' lang='lat' dir='ltr'>geretur,</span> <span class='ocrx_word' id='word_1_46' title='bbox 345 1074 471 1168; x_wconf 81' lang='lat' dir='ltr'>&amp;quae</span> <span class='ocrx_word' id='word_1_47' title='bbox 490 1076 527 1146; x_wconf 92' lang='lat' dir='ltr'>in</span> <span class='ocrx_word' id='word_1_48' title='bbox 542 1071 691 1167; x_wconf 86' lang='lat' dir='ltr'>primori</span> <span class='ocrx_word' id='word_1_49' title='bbox 710 1069 817 1146; x_wconf 82' lang='lat' dir='ltr'>facile</span> <span class='ocrx_word' id='word_1_50' title='bbox 837 1072 1080 1166; x_wconf 78' lang='lat' dir='ltr'>adhererent,</span> <span class='ocrx_word' id='word_1_51' title='bbox 1107 1083 1207 1164; x_wconf 59' lang='lat' dir='ltr'>utiie</span> 
     </span>
     <span class='ocr_line' id='line_1_8' title="bbox 141 1169 1206 1268; baseline 0.007 -20"><span class='ocrx_word' id='word_1_52' title='bbox 141 1176 230 1248; x_wconf 90' lang='lat' dir='ltr'>bere</span> <span class='ocrx_word' id='word_1_53' title='bbox 255 1171 397 1267; x_wconf 83' lang='lat' dir='ltr'>possent</span> <span class='ocrx_word' id='word_1_54' title='bbox 426 1174 546 1248; x_wconf 88' lang='lat' dir='ltr'>omnia</span> <span class='ocrx_word' id='word_1_55' title='bbox 571 1173 750 1248; x_wconf 89' lang='lat' dir='ltr'>contueri.</span> <span class='ocrx_word' id='word_1_56' title='bbox 809 1169 910 1268; x_wconf 78' lang='lat' dir='ltr'>Ergo</span> <span class='ocrx_word' id='word_1_57' title='bbox 936 1173 1126 1252; x_wconf 82' lang='lat' dir='ltr'>ineffabilis</span> <span class='ocrx_word' id='word_1_58' title='bbox 1153 1173 1206 1256; x_wconf 88' lang='lat' dir='ltr'>di·</span> 
     </span>
     <span class='ocr_line' id='line_1_9' title="bbox 140 1270 1213 1374; baseline 0.002 -26"><span class='ocrx_word' id='word_1_59' title='bbox 140 1277 239 1348; x_wconf 75' lang='lat' dir='ltr'>vina:</span> <span class='ocrx_word' id='word_1_60' title='bbox 261 1274 498 1365; x_wconf 76' lang='lat' dir='ltr'>providentie</span> <span class='ocrx_word' id='word_1_61' title='bbox 521 1274 637 1346; x_wconf 80' lang='lat' dir='ltr'>virtus</span> <span class='ocrx_word' id='word_1_62' title='bbox 656 1271 747 1346; x_wconf 86' lang='lat' dir='ltr'>fecit</span> <span class='ocrx_word' id='word_1_63' title='bbox 764 1270 856 1345; x_wconf 84' lang='lat' dir='ltr'>duos</span> <span class='ocrx_word' id='word_1_64' title='bbox 870 1272 1062 1354; x_wconf 83' lang='lat' dir='ltr'>iirniliirnoa</span> <span class='ocrx_word' id='word_1_65' title='bbox 1079 1281 1213 1374; x_wconf 82' lang='lat' dir='ltr'>urbes,¹</span> 
     </span>
     <span class='ocr_line' id='line_1_10' title="bbox 141 1371 1206 1470; baseline 0.008 -23"><span class='ocrx_word' id='word_1_66' title='bbox 141 1394 285 1463; x_wconf 88' lang='lat' dir='ltr'>eosque</span> <span class='ocrx_word' id='word_1_67' title='bbox 301 1375 350 1446; x_wconf 87' lang='lat' dir='ltr'>ita</span> <span class='ocrx_word' id='word_1_68' title='bbox 364 1373 548 1470; x_wconf 79' lang='lat' dir='ltr'>devinxit,</span> <span class='ocrx_word' id='word_1_69' title='bbox 575 1388 617 1445; x_wconf 88' lang='lat' dir='ltr'>ut</span> <span class='ocrx_word' id='word_1_70' title='bbox 637 1389 717 1446; x_wconf 91' lang='lat' dir='ltr'>non</span> <span class='ocrx_word' id='word_1_71' title='bbox 738 1371 776 1444; x_wconf 91' lang='lat' dir='ltr'>in</span> <span class='ocrx_word' id='word_1_72' title='bbox 791 1386 911 1447; x_wconf 87' lang='lat' dir='ltr'>toturn</span> <span class='ocrx_word' id='word_1_73' title='bbox 929 1379 1131 1470; x_wconf 50' lang='lat' dir='ltr'>converti„</span> <span class='ocrx_word' id='word_1_74' title='bbox 1145 1378 1206 1456; x_wconf 89' lang='lat' dir='ltr'>sed</span> 
     </span>
     <span class='ocr_line' id='line_1_11' title="bbox 141 1471 1204 1565; baseline 0.008 -16"><span class='ocrx_word' id='word_1_75' title='bbox 141 1475 290 1549; x_wconf 88' lang='lat' dir='ltr'>moveri</span> <span class='ocrx_word' id='word_1_76' title='bbox 309 1490 425 1548; x_wconf 89' lang='lat' dir='ltr'>tamen</span> <span class='ocrx_word' id='word_1_77' title='bbox 451 1494 493 1564; x_wconf 84' lang='lat' dir='ltr'>ac</span> <span class='ocrx_word' id='word_1_78' title='bbox 512 1471 607 1546; x_wconf 76' lang='lat' dir='ltr'>fletu</span> <span class='ocrx_word' id='word_1_79' title='bbox 629 1491 710 1546; x_wconf 89' lang='lat' dir='ltr'>cum</span> <span class='ocrx_word' id='word_1_80' title='bbox 737 1471 849 1544; x_wconf 88' lang='lat' dir='ltr'>modo</span> <span class='ocrx_word' id='word_1_81' title='bbox 871 1472 1023 1565; x_wconf 82' lang='lat' dir='ltr'>possent.</span> <span class='ocrx_word' id='word_1_82' title='bbox 1083 1477 1204 1556; x_wconf 86' lang='lat' dir='ltr'>Orbes</span> 
     </span>
     <span class='ocr_line' id='line_1_12' title="bbox 145 1571 1207 1667; baseline 0.007 -22"><span class='ocrx_word' id='word_1_83' title='bbox 145 1587 268 1645; x_wconf 86' lang='lat' dir='ltr'>autern</span> <span class='ocrx_word' id='word_1_84' title='bbox 287 1571 561 1667; x_wconf 74' lang='lat' dir='ltr'>ipsonhumoria</span> <span class='ocrx_word' id='word_1_85' title='bbox 583 1571 664 1666; x_wconf 91' lang='lat' dir='ltr'>puri</span> <span class='ocrx_word' id='word_1_86' title='bbox 689 1579 731 1656; x_wconf 84' lang='lat' dir='ltr'>ac¹</span> <span class='ocrx_word' id='word_1_87' title='bbox 754 1571 877 1664; x_wconf 88' lang='lat' dir='ltr'>liquidi</span> <span class='ocrx_word' id='word_1_88' title='bbox 895 1573 1025 1664; x_wconf 86' lang='lat' dir='ltr'>plenos</span> <span class='ocrx_word' id='word_1_89' title='bbox 1044 1576 1113 1652; x_wconf 84' lang='lat' dir='ltr'>eise</span> <span class='ocrx_word' id='word_1_90' title='bbox 1136 1591 1207 1658; x_wconf 88' lang='lat' dir='ltr'>vo·</span> 
     </span>
     <span class='ocr_line' id='line_1_13' title="bbox 142 1653 1216 1776; baseline 0.001 -31"><span class='ocrx_word' id='word_1_91' title='bbox 142 1673 236 1763; x_wconf 79' lang='lat' dir='ltr'>run,</span> <span class='ocrx_word' id='word_1_92' title='bbox 262 1673 297 1746; x_wconf 75' lang='lat' dir='ltr'>tn</span> <span class='ocrx_word' id='word_1_93' title='bbox 317 1695 470 1768; x_wconf 76' lang='lat' dir='ltr'>quorum</span> <span class='ocrx_word' id='word_1_94' title='bbox 490 1672 608 1748; x_wconf 81' lang='lat' dir='ltr'>meua</span> <span class='ocrx_word' id='word_1_95' title='bbox 627 1686 729 1765; x_wconf 78' lang='lat' dir='ltr'>parte</span> <span class='ocrx_word' id='word_1_96' title='bbox 747 1653 905 1746; x_wconf 75' lang='lat' dir='ltr'>iernnnae</span> <span class='ocrx_word' id='word_1_97' title='bbox 925 1674 1102 1768; x_wconf 52' lang='lat' dir='ltr'>ruminum,</span> <span class='ocrx_word' id='word_1_98' title='bbox 1117 1700 1216 1776; x_wconf 49' lang='lat' dir='ltr'>conf.</span> 
     </span>
     <span class='ocr_line' id='line_1_14' title="bbox 144 1769 1217 1872; baseline -0.002 -28"><span class='ocrx_word' id='word_1_99' title='bbox 144 1769 249 1844; x_wconf 85' lang='lat' dir='ltr'>clusae</span> <span class='ocrx_word' id='word_1_100' title='bbox 264 1773 496 1867; x_wconf 87' lang='lat' dir='ltr'>tenerentur,</span> <span class='ocrx_word' id='word_1_101' title='bbox 524 1793 609 1864; x_wconf 83' lang='lat' dir='ltr'>quat</span> <span class='ocrx_word' id='word_1_102' title='bbox 624 1771 780 1866; x_wconf 83' lang='lat' dir='ltr'>pupillas</span> <span class='ocrx_word' id='word_1_103' title='bbox 792 1793 1059 1866; x_wconf 85' lang='lat' dir='ltr'>nuncupamus,</span> <span class='ocrx_word' id='word_1_104' title='bbox 1079 1778 1115 1866; x_wconf 88' lang='lat' dir='ltr'>in</span> <span class='ocrx_word' id='word_1_105' title='bbox 1129 1782 1217 1872; x_wconf 27' lang='lat' dir='ltr'>qui..</span> 
     </span>
     <span class='ocr_line' id='line_1_15' title="bbox 142 1869 1216 1970; baseline 0.007 -26"><span class='ocrx_word' id='word_1_106' title='bbox 142 1872 211 1948; x_wconf 87' lang='lat' dir='ltr'>bus</span> <span class='ocrx_word' id='word_1_107' title='bbox 234 1876 331 1963; x_wconf 91' lang='lat' dir='ltr'>puris</span> <span class='ocrx_word' id='word_1_108' title='bbox 358 1894 399 1962; x_wconf 82' lang='lat' dir='ltr'>ac</span> <span class='ocrx_word' id='word_1_109' title='bbox 421 1871 606 1946; x_wconf 85' lang='lat' dir='ltr'>subtilibus</span> <span class='ocrx_word' id='word_1_110' title='bbox 631 1871 801 1944; x_wconf 88' lang='lat' dir='ltr'>cernendi</span> <span class='ocrx_word' id='word_1_111' title='bbox 818 1869 992 1962; x_wconf 68' lang='lat' dir='ltr'>sensurae</span> <span class='ocrx_word' id='word_1_112' title='bbox 1009 1879 1103 1949; x_wconf 88' lang='lat' dir='ltr'>ratio</span> <span class='ocrx_word' id='word_1_113' title='bbox 1118 1900 1216 1970; x_wconf 64' lang='lat' dir='ltr'>epu-r</span> 
     </span>
     <span class='ocr_line' id='line_1_16' title="bbox 143 1966 1216 2066; baseline 0.003 -22"><span class='ocrx_word' id='word_1_114' title='bbox 143 1972 295 2045; x_wconf 88' lang='lat' dir='ltr'>tinetur.</span> <span class='ocrx_word' id='word_1_115' title='bbox 353 1972 421 2044; x_wconf 90' lang='lat' dir='ltr'>Per</span> <span class='ocrx_word' id='word_1_116' title='bbox 438 1993 504 2044; x_wconf 84' lang='lat' dir='ltr'>eos</span> <span class='ocrx_word' id='word_1_117' title='bbox 520 1972 628 2066; x_wconf 86' lang='lat' dir='ltr'>igitur</span> <span class='ocrx_word' id='word_1_118' title='bbox 648 1972 756 2043; x_wconf 86' lang='lat' dir='ltr'>orbes</span> <span class='ocrx_word' id='word_1_119' title='bbox 774 1966 916 2065; x_wconf 87' lang='lat' dir='ltr'>seipsam</span> <span class='ocrx_word' id='word_1_120' title='bbox 936 1994 1035 2047; x_wconf 88' lang='lat' dir='ltr'>mens</span> <span class='ocrx_word' id='word_1_121' title='bbox 1051 1976 1216 2056; x_wconf 86' lang='lat' dir='ltr'>intendit.</span> 
     </span>
     <span class='ocr_line' id='line_1_17' title="bbox 142 2069 1210 2166; baseline 0.007 -20"><span class='ocrx_word' id='word_1_122' title='bbox 142 2085 185 2146; x_wconf 95' lang='lat' dir='ltr'>ut</span> <span class='ocrx_word' id='word_1_123' title='bbox 202 2069 347 2162; x_wconf 86' lang='lat' dir='ltr'>videat,</span> <span class='ocrx_word' id='word_1_124' title='bbox 374 2072 532 2162; x_wconf 89' lang='lat' dir='ltr'>miraque</span> <span class='ocrx_word' id='word_1_125' title='bbox 548 2070 689 2141; x_wconf 88' lang='lat' dir='ltr'>ratione</span> <span class='ocrx_word' id='word_1_126' title='bbox 707 2069 743 2140; x_wconf 95' lang='lat' dir='ltr'>in</span> <span class='ocrx_word' id='word_1_127' title='bbox 761 2089 872 2147; x_wconf 90' lang='lat' dir='ltr'>unum</span> <span class='ocrx_word' id='word_1_128' title='bbox 889 2072 1055 2150; x_wconf 85' lang='lat' dir='ltr'>miscetur</span> <span class='ocrx_word' id='word_1_129' title='bbox 1071 2075 1105 2150; x_wconf 88' lang='lat'>&amp;</span> <span class='ocrx_word' id='word_1_130' title='bbox 1120 2097 1210 2166; x_wconf 64' lang='lat' dir='ltr'>con,</span> 
     </span>
     <span class='ocr_line' id='line_1_18' title="bbox 142 2166 1200 2267; baseline 0 -23"><span class='ocrx_word' id='word_1_131' title='bbox 142 2169 695 2267; x_wconf 74' lang='lat' dir='ltr'>iungiturambonmrinninum</span> <span class='ocrx_word' id='word_1_132' title='bbox 704 2166 819 2246; x_wconf 72' lang='lat' dir='ltr'>visua.</span> <span class='ocrx_word' id='word_1_133' title='bbox 886 2193 892 2200; x_wconf 90' lang='lat'>·</span> <span class='ocrx_word' id='word_1_134' title='bbox 1197 2197 1200 2202; x_wconf 94' lang='lat'>·</span> 
     </span>
    </p>
   </div>
   <div class='ocr_carea' id='block_1_3' title="bbox 347 2473 935 2718">
    <p class='ocr_par' dir='ltr' id='par_1_3' title="bbox 347 2473 935 2718">
     <span class='ocr_line' id='line_1_19' title="bbox 347 2473 871 2555; baseline 0.011 -6"><span class='ocrx_word' id='word_1_135' title='bbox 347 2493 349 2498; x_wconf 85' lang='lat'>&#39;</span> <span class='ocrx_word' id='word_1_136' title='bbox 447 2473 449 2478; x_wconf 63' lang='grc'>’</span> <span class='ocrx_word' id='word_1_137' title='bbox 485 2475 578 2551; x_wconf 88' lang='lat' dir='ltr'>CA</span> <span class='ocrx_word' id='word_1_138' title='bbox 602 2478 630 2551; x_wconf 93' lang='lat' dir='ltr'>P</span> <span class='ocrx_word' id='word_1_139' title='bbox 656 2478 694 2553; x_wconf 90' lang='lat' dir='ltr'>U</span> <span class='ocrx_word' id='word_1_140' title='bbox 717 2478 755 2552; x_wconf 93' lang='lat' dir='ltr'>T</span> <span class='ocrx_word' id='word_1_141' title='bbox 802 2475 871 2555; x_wconf 86' lang='lat' dir='ltr'>IX.</span> 
     </span>
     <span class='ocr_line' id='line_1_20' title="bbox 423 2618 935 2718; baseline 0.004 -26"><span class='ocrx_word' id='word_1_142' title='bbox 423 2624 477 2692; x_wconf 80' lang='lat' dir='ltr'>De</span> <span class='ocrx_word' id='word_1_143' title='bbox 494 2618 673 2714; x_wconf 77' lang='lat' dir='ltr'>·stnfibas,-</span> <span class='ocrx_word' id='word_1_144' title='bbox 697 2643 861 2718; x_wconf 77' lang='lat' dir='ltr'>eorumque</span> <span class='ocrx_word' id='word_1_145' title='bbox 885 2625 935 2694; x_wconf 78' lang='lat' dir='ltr'>vi.</span> 
     </span>
    </p>
   </div>
   <div class='ocr_carea' id='block_1_4' title="bbox 91 2761 1228 4248">
    <p class='ocr_par' dir='ltr' id='par_1_4' title="bbox 91 2761 1228 4248">
     <span class='ocr_line' id='line_1_21' title="bbox 215 2761 1219 2886; baseline 0.009 -31"><span class='ocrx_word' id='word_1_146' title='bbox 215 2773 291 2855; x_wconf 77' lang='lat' dir='ltr'>ibit</span> <span class='ocrx_word' id='word_1_147' title='bbox 319 2779 394 2854; x_wconf 89' lang='lat' dir='ltr'>hoc</span> <span class='ocrx_word' id='word_1_148' title='bbox 421 2780 509 2851; x_wconf 91' lang='lat' dir='ltr'>ioco</span> <span class='ocrx_word' id='word_1_149' title='bbox 538 2761 683 2851; x_wconf 75' lang='lat' dir='ltr'>iiibrurn</span> <span class='ocrx_word' id='word_1_150' title='bbox 705 2777 972 2870; x_wconf 86' lang='lat' dir='ltr'>reprehendere</span> <span class='ocrx_word' id='word_1_151' title='bbox 995 2763 1219 2886; x_wconf 51' lang='lat' dir='ltr'>vanitatem]</span> 
     </span>
     <span class='ocr_line' id='line_1_22' title="bbox 146 2787 1214 2978; baseline 0.007 -26"><span class='ocrx_word' id='word_1_152' title='bbox 146 2787 216 2962; x_wconf 83' lang='lat' dir='ltr'>L</span> <span class='ocrx_word' id='word_1_153' title='bbox 233 2879 388 2970; x_wconf 87' lang='lat' dir='ltr'>quidum</span> <span class='ocrx_word' id='word_1_154' title='bbox 400 2879 535 2951; x_wconf 91' lang='lat' dir='ltr'>volunt</span> <span class='ocrx_word' id='word_1_155' title='bbox 546 2873 742 2951; x_wconf 80' lang='lat' dir='ltr'>ostendere</span> <span class='ocrx_word' id='word_1_156' title='bbox 752 2874 867 2951; x_wconf 89' lang='lat' dir='ltr'>sensus</span> <span class='ocrx_word' id='word_1_157' title='bbox 882 2878 987 2962; x_wconf 80' lang='lat' dir='ltr'>falsos</span> <span class='ocrx_word' id='word_1_158' title='bbox 998 2881 1082 2978; x_wconf 79' lang='lat' dir='ltr'>effe,</span> <span class='ocrx_word' id='word_1_159' title='bbox 1097 2893 1214 2978; x_wconf 70' lang='lat' dir='ltr'>muita,</span> 
     </span>
     <span class='ocr_line' id='line_1_23' title="bbox 148 2977 1207 3078; baseline 0.008 -22"><span class='ocrx_word' id='word_1_160' title='bbox 148 2981 349 3076; x_wconf 86' lang='lat' dir='ltr'>colligunt,</span> <span class='ocrx_word' id='word_1_161' title='bbox 374 2978 555 3071; x_wconf 79' lang='lat' dir='ltr'>inquibus</span> <span class='ocrx_word' id='word_1_162' title='bbox 573 2977 873 3068; x_wconf 83' lang='lat' dir='ltr'>uculisailantur3</span> <span class='ocrx_word' id='word_1_163' title='bbox 906 2979 1003 3055; x_wconf 88' lang='lat' dir='ltr'>inter</span> <span class='ocrx_word' id='word_1_164' title='bbox 1025 2991 1207 3078; x_wconf 83' lang='lat' dir='ltr'>quae-iilud</span> 
     </span>
     <span class='ocr_line' id='line_1_24' title="bbox 146 3077 1208 3176; baseline 0.011 -22"><span class='ocrx_word' id='word_1_165' title='bbox 146 3083 278 3174; x_wconf 87' lang='lat' dir='ltr'>etiam,</span> <span class='ocrx_word' id='word_1_166' title='bbox 304 3078 403 3170; x_wconf 87' lang='lat' dir='ltr'>quod</span> <span class='ocrx_word' id='word_1_167' title='bbox 418 3077 558 3152; x_wconf 87' lang='lat' dir='ltr'>iutiosrs</span> <span class='ocrx_word' id='word_1_168' title='bbox 576 3077 610 3150; x_wconf 78' lang='lat' dir='ltr'>da</span> <span class='ocrx_word' id='word_1_169' title='bbox 625 3078 732 3151; x_wconf 82' lang='lat' dir='ltr'>ebriis</span> <span class='ocrx_word' id='word_1_170' title='bbox 751 3079 872 3152; x_wconf 87' lang='lat' dir='ltr'>omnia</span> <span class='ocrx_word' id='word_1_171' title='bbox 894 3080 1047 3176; x_wconf 89' lang='lat' dir='ltr'>dupiicia</span> <span class='ocrx_word' id='word_1_172' title='bbox 1062 3091 1208 3164; x_wconf 86' lang='lat' dir='ltr'>videan-</span> 
     </span>
     <span class='ocr_line' id='line_1_25' title="bbox 132 3176 1214 3272; baseline 0.007 -16"><span class='ocrx_word' id='word_1_173' title='bbox 132 3198 226 3272; x_wconf 75' lang='grc' dir='ltr'>ΙΙῑιιτε</span> <span class='ocrx_word' id='word_1_174' title='bbox 254 3177 348 3270; x_wconf 83' lang='lat' dir='ltr'>quast</span> <span class='ocrx_word' id='word_1_175' title='bbox 369 3196 460 3251; x_wconf 90' lang='lat' dir='ltr'>vero</span> <span class='ocrx_word' id='word_1_176' title='bbox 478 3178 557 3272; x_wconf 85' lang='lat' dir='ltr'>¹ejus</span> <span class='ocrx_word' id='word_1_177' title='bbox 576 3179 708 3250; x_wconf 83' lang='lat' dir='ltr'>etruria</span> <span class='ocrx_word' id='word_1_178' title='bbox 727 3176 878 3252; x_wconf 88' lang='lat' dir='ltr'>obscura</span> <span class='ocrx_word' id='word_1_179' title='bbox 893 3180 935 3255; x_wconf 90' lang='lat' dir='ltr'>s1t</span> <span class='ocrx_word' id='word_1_180' title='bbox 952 3186 1064 3263; x_wconf 88' lang='lat' dir='ltr'>causa.</span> <span class='ocrx_word' id='word_1_181' title='bbox 1115 3189 1214 3270; x_wconf 41' lang='lat' dir='ltr'>Ideo!</span> 
     </span>
     <span class='ocr_line' id='line_1_26' title="bbox 149 3275 1208 3380; baseline 0.004 -24"><span class='ocrx_word' id='word_1_182' title='bbox 149 3282 246 3356; x_wconf 89' lang='lat' dir='ltr'>enim</span> <span class='ocrx_word' id='word_1_183' title='bbox 262 3277 324 3373; x_wconf 89' lang='lat' dir='ltr'>fit,</span> <span class='ocrx_word' id='word_1_184' title='bbox 351 3277 432 3368; x_wconf 89' lang='lat' dir='ltr'>quia</span> <span class='ocrx_word' id='word_1_185' title='bbox 444 3277 517 3351; x_wconf 92' lang='lat' dir='ltr'>duo</span> <span class='ocrx_word' id='word_1_186' title='bbox 530 3275 611 3350; x_wconf 92' lang='lat' dir='ltr'>sunt</span> <span class='ocrx_word' id='word_1_187' title='bbox 626 3277 735 3352; x_wconf 86' lang='lat' dir='ltr'>oculi.</span> <span class='ocrx_word' id='word_1_188' title='bbox 786 3277 856 3351; x_wconf 88' lang='lat' dir='ltr'>Sed</span> <span class='ocrx_word' id='word_1_189' title='bbox 873 3286 1060 3371; x_wconf 88' lang='lat' dir='ltr'>quomodo</span> <span class='ocrx_word' id='word_1_190' title='bbox 1077 3285 1208 3380; x_wconf 85' lang='lat' dir='ltr'>idfiat,</span> 
     </span>
     <span class='ocr_line' id='line_1_27' title="bbox 91 3373 1207 3472; baseline 0.01 -19"><span class='ocrx_word' id='word_1_191' title='bbox 91 3387 106 3420; x_wconf 60' lang='lat'>⁸</span> <span class='ocrx_word' id='word_1_192' title='bbox 147 3382 286 3472; x_wconf 83' lang='lat' dir='ltr'>accipe.</span> <span class='ocrx_word' id='word_1_193' title='bbox 345 3373 452 3450; x_wconf 76' lang='lat' dir='ltr'>Visus</span> <span class='ocrx_word' id='word_1_194' title='bbox 477 3378 669 3449; x_wconf 87' lang='lat' dir='ltr'>oculorum</span> <span class='ocrx_word' id='word_1_195' title='bbox 695 3377 903 3470; x_wconf 81' lang='lat' dir='ltr'>intentione</span> <span class='ocrx_word' id='word_1_196' title='bbox 927 3384 1031 3457; x_wconf 88' lang='lat' dir='ltr'>animi</span> <span class='ocrx_word' id='word_1_197' title='bbox 1054 3385 1207 3468; x_wconf 78' lang='lat' dir='ltr'>constat.</span> 
     </span>
     <span class='ocr_line' id='line_1_28' title="bbox 146 3473 1207 3574; baseline 0.004 -18"><span class='ocrx_word' id='word_1_198' title='bbox 146 3480 277 3570; x_wconf 90' lang='lat' dir='ltr'>Itaque</span> <span class='ocrx_word' id='word_1_199' title='bbox 299 3477 470 3570; x_wconf 76' lang='lat' dir='ltr'>quoniam</span> <span class='ocrx_word' id='word_1_200' title='bbox 492 3497 618 3567; x_wconf 88' lang='lat' dir='ltr'>mens,</span> <span class='ocrx_word' id='word_1_201' title='bbox 654 3487 697 3549; x_wconf 89' lang='lat' dir='ltr'>ut</span> <span class='ocrx_word' id='word_1_202' title='bbox 716 3473 818 3568; x_wconf 82' lang='lat' dir='ltr'>supra</span> <span class='ocrx_word' id='word_1_203' title='bbox 839 3477 970 3572; x_wconf 75' lang='lat' dir='ltr'>didiurn</span> <span class='ocrx_word' id='word_1_204' title='bbox 990 3482 1064 3574; x_wconf 82' lang='lat' dir='ltr'>est,</span> <span class='ocrx_word' id='word_1_205' title='bbox 1090 3485 1207 3572; x_wconf 80' lang='lat' dir='ltr'>oculis</span> 
     </span>
     <span class='ocr_line' id='line_1_29' title="bbox 146 3573 1216 3672; baseline 0.004 -19"><span class='ocrx_word' id='word_1_206' title='bbox 146 3594 318 3669; x_wconf 85' lang='lat' dir='ltr'>tanquam</span> <span class='ocrx_word' id='word_1_207' title='bbox 333 3573 497 3650; x_wconf 80' lang='lat' dir='ltr'>fenestris</span> <span class='ocrx_word' id='word_1_208' title='bbox 512 3576 646 3666; x_wconf 87' lang='lat' dir='ltr'>utitur,</span> <span class='ocrx_word' id='word_1_209' title='bbox 666 3595 742 3649; x_wconf 92' lang='lat' dir='ltr'>non</span> <span class='ocrx_word' id='word_1_210' title='bbox 756 3587 893 3668; x_wconf 89' lang='lat' dir='ltr'>tantum</span> <span class='ocrx_word' id='word_1_211' title='bbox 907 3580 980 3658; x_wconf 91' lang='lat' dir='ltr'>hoc</span> <span class='ocrx_word' id='word_1_212' title='bbox 994 3581 1123 3672; x_wconf 75' lang='lat' dir='ltr'>ebriis,</span> <span class='ocrx_word' id='word_1_213' title='bbox 1145 3583 1216 3672; x_wconf 68' lang='lat' dir='ltr'>autl</span> 
     </span>
     <span class='ocr_line' id='line_1_30' title="bbox 147 3671 1213 3770; baseline 0 -16"><span class='ocrx_word' id='word_1_214' title='bbox 147 3677 278 3754; x_wconf 84' lang='lat' dir='ltr'>insanis</span> <span class='ocrx_word' id='word_1_215' title='bbox 296 3675 446 3764; x_wconf 90' lang='lat' dir='ltr'>accidit,</span> <span class='ocrx_word' id='word_1_216' title='bbox 472 3674 531 3749; x_wconf 91' lang='lat' dir='ltr'>sed</span> <span class='ocrx_word' id='word_1_217' title='bbox 554 3671 719 3767; x_wconf 71' lang='lat' dir='ltr'>usaria,</span> <span class='ocrx_word' id='word_1_218' title='bbox 746 3695 788 3746; x_wconf 85' lang='lat' dir='ltr'>ac</span> <span class='ocrx_word' id='word_1_219' title='bbox 806 3673 944 3770; x_wconf 85' lang='lat' dir='ltr'>sobriis.</span> <span class='ocrx_word' id='word_1_220' title='bbox 993 3680 1092 3768; x_wconf 79' lang='lat' dir='ltr'>Natu</span> <span class='ocrx_word' id='word_1_221' title='bbox 1105 3681 1129 3758; x_wconf 81' lang='lat' dir='ltr'>n</span> <span class='ocrx_word' id='word_1_222' title='bbox 1143 3685 1213 3762; x_wconf 62' lang='lat' dir='ltr'>ali.</span> 
     </span>
     <span class='ocr_line' id='line_1_31' title="bbox 122 3767 1206 3876; baseline 0.008 -28"><span class='ocrx_word' id='word_1_223' title='bbox 122 3767 245 3870; x_wconf 68' lang='lat' dir='ltr'>”quid</span> <span class='ocrx_word' id='word_1_224' title='bbox 271 3777 371 3850; x_wconf 88' lang='lat' dir='ltr'>nimis</span> <span class='ocrx_word' id='word_1_225' title='bbox 403 3778 553 3870; x_wconf 86' lang='lat' dir='ltr'>propius</span> <span class='ocrx_word' id='word_1_226' title='bbox 585 3773 806 3866; x_wconf 74' lang='lat' dir='ltr'>admoveat,</span> <span class='ocrx_word' id='word_1_227' title='bbox 840 3775 972 3872; x_wconf 84' lang='lat' dir='ltr'>duplex</span> <span class='ocrx_word' id='word_1_228' title='bbox 1003 3780 1206 3876; x_wconf 85' lang='lat' dir='ltr'>videbitur;</span> 
     </span>
     <span class='ocr_line' id='line_1_32' title="bbox 151 3874 1208 3974; baseline 0.009 -25"><span class='ocrx_word' id='word_1_229' title='bbox 151 3892 293 3952; x_wconf 88' lang='lat' dir='ltr'>certum</span> <span class='ocrx_word' id='word_1_230' title='bbox 311 3874 360 3947; x_wconf 90' lang='lat' dir='ltr'>est</span> <span class='ocrx_word' id='word_1_231' title='bbox 377 3877 472 3952; x_wconf 86' lang='lat' dir='ltr'>enim</span> <span class='ocrx_word' id='word_1_232' title='bbox 488 3874 740 3966; x_wconf 86' lang='lat' dir='ltr'>intervallum,</span> <span class='ocrx_word' id='word_1_233' title='bbox 768 3894 810 3947; x_wconf 91' lang='lat' dir='ltr'>ac</span> <span class='ocrx_word' id='word_1_234' title='bbox 826 3874 996 3970; x_wconf 86' lang='lat' dir='ltr'>spatium,</span> <span class='ocrx_word' id='word_1_235' title='bbox 1022 3901 1095 3974; x_wconf 90' lang='lat' dir='ltr'>quo</span> <span class='ocrx_word' id='word_1_236' title='bbox 1107 3887 1208 3958; x_wconf 74' lang='lat' dir='ltr'>acies</span> 
     </span>
     <span class='ocr_line' id='line_1_33' title="bbox 150 3972 1208 4077; baseline 0.005 -29"><span class='ocrx_word' id='word_1_237' title='bbox 150 3975 344 4051; x_wconf 84' lang='lat' dir='ltr'>oculorum</span> <span class='ocrx_word' id='word_1_238' title='bbox 365 3975 453 4050; x_wconf 75' lang='lat' dir='ltr'>coit,</span> <span class='ocrx_word' id='word_1_239' title='bbox 507 3975 598 4049; x_wconf 89' lang='lat' dir='ltr'>Item</span> <span class='ocrx_word' id='word_1_240' title='bbox 620 3974 645 4048; x_wconf 85' lang='lat' dir='ltr'>sr</span> <span class='ocrx_word' id='word_1_241' title='bbox 665 3972 859 4066; x_wconf 87' lang='lat' dir='ltr'>retrorsum</span> <span class='ocrx_word' id='word_1_242' title='bbox 882 3996 1016 4056; x_wconf 81' lang='lat' dir='ltr'>avoces</span> <span class='ocrx_word' id='word_1_243' title='bbox 1039 3985 1208 4077; x_wconf 85' lang='lat' dir='ltr'>animum,</span> 
     </span>
     <span class='ocr_line' id='line_1_34' title="bbox 151 4073 1228 4248; baseline 0.004 -98"><span class='ocrx_word' id='word_1_244' title='bbox 151 4075 246 4174; x_wconf 88' lang='lat' dir='ltr'>quati</span> <span class='ocrx_word' id='word_1_245' title='bbox 264 4073 308 4149; x_wconf 91' lang='lat' dir='ltr'>ad</span> <span class='ocrx_word' id='word_1_246' title='bbox 327 4075 579 4173; x_wconf 85' lang='lat' dir='ltr'>cogitandum,</span> <span class='ocrx_word' id='word_1_247' title='bbox 603 4074 637 4150; x_wconf 82' lang='lat' dir='ltr'>dt</span> <span class='ocrx_word' id='word_1_248' title='bbox 655 4073 895 4248; x_wconf 55' lang='lat' dir='ltr'>irgentionem</span> <span class='ocrx_word' id='word_1_249' title='bbox 912 4081 1042 4158; x_wconf 82' lang='lat' dir='ltr'>mentia</span> <span class='ocrx_word' id='word_1_250' title='bbox 1058 4085 1228 4174; x_wconf 51' lang='lat' dir='ltr'>renuets</span> 
     </span>
    </p>
   </div>
   <div class='ocr_carea' id='block_1_5' title="bbox 0 0 1395 4792">
    <p class='ocr_par' dir='ltr' id='par_1_5' title="bbox 0 0 1395 4792">
     <span class='ocr_line' id='line_1_35' title="bbox 0 0 1395 4792; baseline 0 0"><span class='ocrx_word' id='word_1_251' title='bbox 0 0 1395 4792; x_wconf 95' lang='lat' dir='ltr'> </span> 
     </span>
    </p>
   </div>
  </div>
 </body>
</html>
