2775 4792
190 421 282 516 ‚206
309 362 723 495 ereremn'mmnr
736 411 943 495 Mourmos
960 413 1166 507 Prnsncnrf.
1256 416 1260 427 '

206 593 424 678 exportatos
441 576 617 654 naviculis
637 577 673 652 in
687 596 785 653 mare
799 578 921 676 mergi.
959 576 1067 652 Adeo
1083 578 1271 659 hominem

208 677 496 764 misericordem,
521 678 582 770 qui
595 677 800 773 providerit
812 677 958 772 nequis,
974 680 1038 751 illo
1052 681 1272 776 imperante,

207 784 311 865 miser
323 778 422 857 esset.
457 777 532 869 Ita,
547 778 630 855 dum
641 779 762 869 cavit,
777 782 916 871 nequis
931 778 1156 855 simulatione
1169 794 1272 859 men'-

206 882 365 959 dicitatis
390 876 532 952 censum
548 874 804 974 subterfugiat,
826 879 1091 955 multitudinem
1106 885 1274 960 virorum

205 983 418 1075 nuserorum
434 992 566 1059 contra
587 998 697 1059 omne
712 979 775 1071 ¹jus
789 978 1018 1053 humanitatis
1033 982 1178 1061 occidit.

572 1122 608 1161 ·’
660 1136 823 1243 xx1u

278 1280 360 1377 ¹Jam
379 1276 640 1373 propinquavit
660 1278 711 1353 illi
729 1277 910 1373 judicium·
920 1278 1010 1372 Dei,
1038 1278 1271 1378 secutumque

197 1399 348 1475 tempus
370 1377 443 1472 est,
470 1400 549 1471 quo·
564 1398 622 1453 tes
642 1379 718 1472 ejus
737 1379 843 1453 dilabi
865 1400 909 1451 ec
932 1378 1045 1454 fluere
1069 1402 1270 1478 coeperunt.

182 1482 382 1577 ,Nondum
407 1480 562 1553 animum
585 1478 856 1553 intenderatad
873 1482 1114 1571 ,evertendum
1135 1488 1270 1576 pellen-

203 1585 343 1663 dumve
356 1578 615 1657 Constantium.
667 1578 766 1653 Dum
787 1578 839 1651 est
857 1595 1055 1671 occupatus
1077 1584 1279 1682 hisrebus,

206 1704 295 1777 ques
317 1678 477 1774 superius
506 1676 679 1771 exposui,
715 1678 749 1751 u
774 1680 984 1771 expediebat
1008 1684 1152 1755 obitum
1169 1687 1269 1779 ejusa

204 1774 273 1861 sed·
286 1794 366 1856 tam
387 1780 651 1859 celeriterupn
667 1776 824 1871 ‚putabat
843 1779 1039 1859 obiturum.
1089 1784 1164 1881 Qui
1184 1802 1267 1863 cum

203 1883 366 1985 graviter
383 1880 587 1969 laboraret,
619 1874 760 1951 miserat
780 1879 942 1968 litteras,
975 1896 1017 1959 ut
1038 1877 1151 1957 filium
1168 1883 1269 1962 suum

206 1980 484 2057 Constantinum
508 1978 709 2061 remitteret
728 1974 792 2053 sabi
817 1978 1035 2071 videndum,
1070 1982 1267 2074 &quidem

200 2080 421 2178 J'amdudum.
469 2074 647 2157 illevero
665 2076 754 2152 nihil
770 2079 885 2161 minus
907 2080 1069 2156 volebat.
1118 2082 1269 2160 Nam&

132 2262 136 2279 Ι
203 2179 389 2279 ipinsrdiis
408 2175 498 2268 saepe
515 2178 689 2268 juvenem
708 2176 954 2270 adpetiverat3
981 2183 1062 2269 quia
1081 2184 1199 2274 palam
1216 2187 1269 2256 ni·

201 2281 254 2359 hil
278 2277 468 2366 audebat,
497 2295 544 2349 ne
569 2268 704 2353 contra
730 2274 765 2348 se
791 2294 886 2350 arma
912 2278 1055 2370 civilia,
1082 2282 1139 2375 tr,
1166 2284 1268 2375 quod

202 2384 358 2457 maxime
384 2375 611 2464 verebatur,
627 2375 728 2447 todia
752 2376 902 2449 militum
925 2380 1159 2455 concitaret·
1191 2386 1266 2460 Sub

204 2484 363 2557 obtentu
381 2477 549 2557 exercitii.
566 2494 608 2547 ac
627 2472 723 2548 lusus
742 2474 826 2547 seris
849 2477 946 2548 illurn
970 2478 1183 2570 objeceratt.
1203 2478 1268 2560 'sed

203 2578 357 2666 frustra3
393 2576 563 2666 quoniam
583 2575 655 2673 Dei
676 2596 802 2650 manus
826 2576 1008 2651 hominem
1034 2585 1265 2679 protegebat,

205 2681 266 2772 'qui
291 2680 391 2757 illum
414 2675 643 2749 demonibus
666 2675 742 2766 ejus
764 2677 933 2749 liberavit
953 2679 988 2750 in
1007 2678 1084 2772 ipso
1107 2684 1265 2762 cardine.

203 2779 373 2868 Namque
390 2775 513 2869 saeplus
537 2794 618 2848 cum
636 2775 770 2867 iamdiu
791 2797 920 2848 necare
938 2799 1013 2851 non
1037 2778 1180 2872 posset,
1205 2784 1268 2859 de·

178 2917 180 2921 v
204 2880 259 2959 ¹dit
277 2878 329 2949 illi
346 2876 519 2970 sigillum,
550 2872 746 2957 inclinante
765 2875 837 2966 jsrrn
858 2875 936 2970 die,
963 2883 1208 2973 precepitque
1224 2897 1266 2957 ut

202 2973 376 3070 postridie
395 2992 527 3063 mane,
558 2975 715 3064 acceptis
739 2974 934 3067 mandatis,
959 2975 1265 3077 proficisceretur,

204 3074 268 3150 vel
281 3071 354 3166 ipse
366 3072 465 3145 illum
480 3071 671 3146 occasrone
688 3072 804 3163 aliqua
818 3089 1083 3174 retentaturus,
1100 3082 1161 3154 vel
1177 3088 1266 3176 pras·

189 3170 365 3253 missurus
388 3172 546 3250 litteras,
570 3185 612 3250 ut
630 3193 650 3245 a
666 3170 808 3247 Severo
825 3187 1021 3252 teneretur.
1072 3181 1164 3278 Quae
1183 3204 1265 3258 cum

202 3276 266 3349 ille
284 3271 533 3366 prospiceret,
571 3268 775 3363 quiescente
799 3273 870 3365 jam
898 3274 1148 3373 Imperatore,
1183 3281 1267 3375 post

202 3394 340 3450 coenam
362 3372 576 3465 properavit
595 3372 720 3463 exire,
745 3371 959 3466 sublatisque
977 3394 1043 3468 per
1061 3380 1264 3454 manfiones

200 3476 332 3552 multas
352 3471 518 3544 omnibus
540 3472 640 3562 'equis
662 3472 834 3564 publicis,
856 3477 1035 3550 evolavit.
1088 3478 1265 3555 Postridie

201 3572 427 3667 Imperator,
462 3590 542 3643 curn
574 3567 743 3644 consulto
775 3573 819 3646 ad
848 3575 1003 3649 medium
1029 3577 1121 3651 diem
1147 3602 1265 3672 usque

202 3671 411 3763 dormisset,
437 3668 670 3751 vocarieum
689 3672 807 3764 jubet.
836 3672 1008 3751 Dicitur
1033 3678 1066 3752 ei
1082 3678 1171 3771 post
1197 3702 1264 3753 coe-

201 3782 284 3845 narn
309 3769 425 3845 statim
449 3767 644 3865 profedlus.
701 3769 879 3867 Indignari
901 3795 942 3847 ac
965 3775 1119 3850 fremere
1142 3783 1263 3875 coepit

201 3866 378 3945 Poscebat
401 3888 515 3963 equos
544 3871 738 3965 publicos,
757 3877 816 3944 'ut
841 3893 923 3946 eum
949 3877 1084 3950 retrahi
1110 3877 1262 3955 faceret

201 3969 370 4044 Nudatos
383 3972 416 4042 ei
432 3966 551 4044 cursus
564 3968 730 4063 publicus
744 3974 944 4047 nunciatur.
996 3976 1070 4049 Vix
1083 3980 1261 4072 lacrymas

199 4068 359 4155 tenebat.
408 4066 465 4148 At
485 4069 547 4173 ille
568 4069 977 4179 untilbiliceleritate
997 4073 1078 4157 usus
1091 4131 1107 4178 ,
1122 4100 1264 4172 ‚perse

242 4222 244 4231 ·
346 4240 351 4249 .
1155 4196 1214 4257 rut
