2775 4792
232 410 512 518 Litanam
537 436 673 514 irata
697 454 757 512 oa
782 432 1132 519 omittebat
1161 465 1217 543 93

141 604 286 698 aliquid
305 604 466 678 ex.ooelo
485 612 638 696 petant,
675 599 849 693 quoniam
867 600 1023 677 interra
1039 604 1129 681 nihil
1149 628 1170 681 e

141 705 252 799 quod
276 703 416 777 non'fit
435 698 625 776 infirmum.
730 743 748 772 a
858 782 863 797 ἶ

170 812 174 818 ’
226 803 316 877 Cum
340 823 429 897 ergo
452 801 566 875 horno
589 799 638 874 fic
658 799 980 899 formanduseiiet
999 824 1019 876 a
1036 802 1146 902 Deo,
1170 820 1216 882 ut

147 906 312 982 mortalis
339 901 427 976 eilet
447 901 660 992 aliquando,
692 922 752 975 res
771 902 849 997 ipsa·
866 904 1055 999 exigebat,
1078 920 1120 978 ut
1140 922 1214 981 ter·

146 1025 241 1081 reno
263 1001 431 1098 &fragili
454 1020 612 1098 corpore
635 998 845 1098 fingeretur.
896 1000 1053 1077 Ne'ceffe
1078 1004 1129 1079 est
1150 1006 1231 1104 igi?

145 1120 230 1197 tur,
254 1119 299 1176 ut
318 1116 472 1177 mortem
491 1100 642 1193 recipiat
658 1103 925 1196 quandolibet„
941 1105 1111 1195 quoniam
1133 1125 1222 1180 core

146 1205 285 1301 poralis
310 1196 390 1293 esti
425 1219 557 1293 corpus
583 1201 678 1275 enim
704 1202 895 1293 quodlibet
924 1199 1075 1277 solubile
1103 1217 1214 1299 atque

146 1305 306 1381 mortale
329 1300 391 1377 est.
446 1299 773 1397 Stultiiiimi·ergo‚'
799 1303 861 1394 qui
881 1301 927 1374 de
949 1316 1071 1377 morte
1091 1305 1214 1383 imma·

146 1420 232 1477 tura
249 1415 467 1495 queruntur3
494 1403 664 1491 quoniam
685 1417 823 1474 naturae
840 1401 1004 1477 conditio
1018 1405 1146 1479 locum
1159 1406 1215 1480 illi

146 1504 251 1580 facit.
300 1500 355 1575 Ita
376 1497 598 1593 consequens
618 1501 712 1591 erit,
745 1514 790 1573 ut
807 1502 945 1575 morbis
966 1523 1111 1595 quoque
1134 1503 1214 1580 sub·

135 1603 263 1698 ,jelius
276 1601 336 1689 fit3
362 1622 480 1693 neque
496 1601 591 1674 enim
605 1601 742 1696 patitur
757 1615 902 1682 natura,
920 1612 964 1673 ut
978 1601 1094 1676 abelie
1106 1605 1213 1698 potiit

145 1700 335 1778 infirmitas
363 1703 407 1774 ab
436 1720 483 1775 eo
513 1719 697 1794 corpore,
724 1700 823 1793 quod
850 1701 1041 1795 aliquando
1067 1701 1234 1781 solven'

147 1804 234 1878 dum
257 1802 318 1876 est.
372 1799 444 1873 Sed
465 1814 631 1894 putemus
654 1796 735 1874 fieti
755 1798 879 1895 polie,
911 1804 1214 1894 quemadmodum

147 1904 306 1994 volunt,
339 1914 380 1972 ut
402 1903 514 1973 homo
533 1921 611 1973 non
629 1921 671 1972 ea
693 1900 910 1973 conditione
926 1898 1115 1996 nascatur,
1142 1925 1215 1996 qua

146 2004 284 2078 morbo
306 2001 467 2073 mortive
487 1997 663 2090 saijands
678 1999 745 2091 sit,
770 1997 833 2073 nili
850 1998 997 2094 peraeto
1011 2004 1125 2077 atatis
1144 2003 1214 2079 suae

147 2100 288 2196 spatio,
308 2099 353 2171 ad
368 2098 527 2171 ultimam
539 2095 751 2192 procellerit
764 2096 993 2177 senestutem.
1043 2100 1136 2177 Non
1150 2104 1213 2200 igi·

149 2194 395 2297 tur'vident,
424 2198 455 2272 ii
481 2200 533 2271 ita
559 2197 603 2270 lit
628 2197 887 2292 constitutum,
923 2200 1007 2293 quid
1032 2199 1214 2296 sequatur,

148 2302 251 2376 omni
269 2300 394 2392 utique
408 2310 534 2372 cetero
550 2304 717 2390 tempore
738 2298 833 2373 mori
846 2299 949 2373 nullo
962 2299 1077 2376 modo
1092 2301 1214 2396 posse:

140 2401 231 2496 sed,
256 2400 281 2474 sr
300 2399 486 2495 prohiberi
509 2399 552 2472 ab
578 2399 695 2472 altero
714 2396 812 2473 visto
831 2398 972 2493 potest,
996 2403 1090 2474 mori
1106 2420 1215 2495 pote·

138 2503 218 2590 .rit;
253 2521 310 2574 res
333 2500 441 2594 igitur
466 2498 596 2594 exigit,
627 2511 669 2570 ut
690 2498 852 2579 homini,
886 2498 948 2589 qui
967 2513 1051 2575 ante
1072 2519 1216 2580 certum

148 2603 246 2676 diem
260 2603 356 2674 mori
370 2620 447 2670 non
464 2597 606 2690 potest,
632 2598 798 2671 cibotum
812 2599 1010 2692 alimentis,
1037 2602 1119 2692 quia
1135 2601 1215 2677 sub·

149 2701 248 2775 trahi
262 2695 431 2790 poliunt,
458 2715 550 2788 opus
563 2715 640 2767 non
657 2697 711 2769 lit.
761 2697 804 2768 Si·
816 2717 908 2790 opus
928 2699 1012 2771 cibo
1032 2721 1111 2773 non
1130 2703 1216 2795 erit,

136 2858 140 2865 .
146 2803 225 2895 jam
242 2818 318 2871 non
335 2792 551 2885 homo'ille,
577 2793 635 2865 sed
653 2793 753 2866 Deus
776 2792 853 2870 fiet.
908 2794 1030 2892 Ergo,
1057 2812 1098 2871 ut
1112 2796 1216 2895 supe·

136 2903 227 2993 iius
249 2897 345 2988 dixi,
380 2895 440 2986 qui
461 2895 506 2968 de
527 2893 720 2989 fragilitate
738 2894 906 2969 hominis
917 2912 1144 2993 queruntur,
1176 2897 1218 2983 id

149 2997 366 3096 potiilimum
383 3007 601 3087 queruntur,
629 2993 729 3084 quod
750 3010 827 3067 non
844 2995 1064 3071 immortales
1079 2999 1114 3074 u
1127 2998 1216 3078 sem·

149 3099 285 3194 piterni
310 3095 377 3183 lint
400 3097 484 3168 nati.
548 3093 693 3178 Nemo,
724 3093 787 3167 nist
813 3093 940 3189 seneX,
971 3098 1066 3172 mori
1092 3099 1214 3182 debet.

150 3198 297 3290 Nempe
312 3195 396 3268 ideo
411 3195 503 3267 mori
521 3193 649 3271 debet,
675 3196 758 3285 quia
773 3193 875 3268 Deus
890 3217 970 3269 non
986 3197 1048 3274 est.
1098 3199 1217 3292 Atqui

150 3297 354 3376 mortalitas
385 3315 461 3367 non
485 3291 605 3387 potest
631 3314 712 3366 cum
737 3294 1006 3373 immortalitate
1030 3300 1215 3396 conjungi.
1284 3384 1288 3389 ,

150 3399 191 3472 si
213 3399 307 3471 enim
327 3395 488 3467 mortalis
500 3391 558 3465 'est
575 3394 611 3466 in
626 3390 830 3486 senedtute,
854 3394 1066 3470 immortalis
1085 3397 1161 3470 elie·
1175 3396 1216 3475 in

152 3496 394 3571 adolescentia
408 3515 484 3566 non
497 3492 635 3586 potest3
660 3512 731 3565 nec
747 3491 798 3565 est
812 3493 855 3564 ab
873 3513 920 3567 eo
937 3496 1102 3570 conditio
1117 3517 1217 3571 mot·

113 3646 116 3659 .
151 3598 203 3667 tis
226 3597 364 3686 aliena,
399 3594 459 3685 qui
480 3591 695 3684 quandoque
718 3593 914 3666 moriturus
941 3595 1017 3685 est3
1054 3616 1123 3671 nec
1141 3599 1216 3673 ulla
1262 3594 1266 3599 ’

150 3695 401 3781 immortalitas
423 3693 501 3782 est,
538 3693 595 3764 cui
615 3692 658 3767 fit
680 3693 854 3767 terminos
875 3693 1106 3773 constitutus.
1156 3693 1216 3779 ita

151 3790 219 3886 fit,
245 3808 287 3864 ut
310 3795 343 3865 dt
364 3793 611 3867 immortalitas
634 3790 777 3865 exclusa
797 3794 835 3866 in
856 3808 1093 3890 perpetuum,
1116 3795 1215 3874 &ad

152 3910 299 3987 tempus
311 3909 457 3990 recepta
469 3893 697 3982 mortalitas,
714 3893 898 3967 hominem
914 3893 1108 3972 constituat
1118 3898 1157 3972 in
1169 3914 1220 3973 ea·

152 3991 394 4088 conditione,
419 4009 461 4070 ut
475 3993 518 4071 fit
533 3993 572 4070 in
589 3994 750 4090 qualibet
770 4005 875 4069 aetate
889 3994 1063 4074 mortalis.
1208 4003 1217 4013 “

838 4236 841 4241 -
1069 4148 1196 4292 Qua-'⁸
