2775 4792
178 471 185 478 -
244 421 472 502 'anraurn
490 443 599 502 tmen
618 440 668 499 ua
685 389 888 500 Monrrsus
905 421 1109 508 Passaron.
1138 434 1206 521 189

153 587 500 682 quacogitaverat,
526 587 644 660 licuit:
667 583 727 661 sed
746 585 911 679 protinus
929 585 1022 658 inter
1038 585 1140 659 initia
1157 583 1209 658 sui

153 688 289 761 furoris
317 685 490 759 extintius
514 685 575 760 est.
626 683 801 758 Nondum
824 685 868 757 ad
890 686 1094 776 provincias
1116 686 1208 757 ulte·

152 788 268 858 riores
286 799 438 858 cruenta
460 787 535 876 eius
555 784 683 875 scripta
707 798 969 875 pervenerant,
995 784 1114 874 &jam
1129 782 1210 856 Coe-
1295 823 1309 854 -,

153 884 345 977 nofrurio,
373 884 432 973 qui
445 885 548 956 loeus
565 882 615 962 est
627 881 811 962 Thraciae,
837 897 1008 955 cruentus
1025 881 1097 974 ipse
1110 883 1228 962 humi¹
1252 969 1255 974 ¹

151 981 326 1078 jacebat,
359 980 443 1055 falsa
467 983 614 1075 quadam
634 980 829 1075 suspicione
852 983 896 1054 ab
922 981 1041 1055 amicis
1063 979 1129 1053 suis
1157 983 1208 1074 in·

136 1096 365 1174 ‚teremptus
415 1080 563 1155 Talibus
585 1081 619 1155 dr
641 1095 701 1154 tot
718 1082 889 1173 exemplis
910 1082 1071 1170 coerceri
1092 1077 1210 1173 po'ste·
1243 1129 1249 1142 .

151 1183 269 1253 riores
291 1194 464 1272 tyrannos
487 1182 718 1275 opportebat.
774 1179 827 1252 At
846 1181 883 1253 hi
904 1201 979 1253 non
1004 1179 1115 1266 mod'o
1136 1190 1208 1250 ter·

152 1282 213 1355 riti
232 1300 307 1352 non
325 1276 426 1372 sunt,
451 1279 510 1355 sed
523 1281 695 1355 audacius
717 1280 823 1355 etiam
841 1294 969 1362 annua
984 1279 1103 1354 Deum
1120 1298 1208 1352 eon·

153 1378 396 1471 fidentiusque
411 1377 587 1460 fecerunt.

631 1537 734 1616 v11.

230 1677 501 1775 Diocletianus,
528 1681 589 1773 qui
603 1680 774 1754 scelerum
788 1679 961 1753 inventur
981 1676 1210 1760 &malorum

152 1781 378 1858 machinator
393 1781 482 1871 suit,
510 1802 590 1854 eum
604 1779 822 1873 disperderet
834 1780 979 1868 omnia,
1004 1799 1073 1872 nec
1089 1801 1108 1851 a
1122 1778 1207 1852 Deo

154 1879 297 1972 quidem
320 1901 443 1954 manus
467 1881 589 1971 potuit
614 1878 799 1955 abstinere.
854 1875 925 1950 Hic
950 1879 1076 1950 orbem
1104 1891 1209 1951 terrae

153 1981 254 2054 simul
273 1979 492 2068 drauscius,
520 1978 756 2060 &timiditate
770 1975 954 2048 subvertit.
1004 1973 1098 2048 Tres
1114 1978 1209 2052 enim
1267 2035 1270 2040 .

152 2078 347 2173 participes
364 2077 462 2172 regni
483 2075 532 2149 sui
551 2076 659 2169 feeit,
683 2077 722 2147 in
741 2089 897 2166 quatuor
916 2085 1036 2168 partes
1054 2079 1146 2148 orbe
1159 2075 1209 2149 di·
1251 2108 1255 2127 ·

153 2176 257 2270 viso,
293 2175 326 2248 &
352 2177 593 2268 multiplicatis
616 2176 830 2248 exercitibus
841 2195 862 2265 ·,··
889 2194 971 2248 cum
994 2172 1117 2273 singuli
1147 2195 1211 2250 eo·

154 2298 235 2350 rum
256 2277 366 2371 longe
389 2278 559 2367 majorem
581 2295 767 2365 numerum
790 2274 940 2350 militum
964 2272 1096 2352 habete
1122 2296 1209 2349 con·

155 2376 373 2467 tenderunt,
402 2376 660 2468 quampriores
683 2373 863 2466 Principes
882 2374 1109 2467 habuerant,
1127 2397 1210 2450 cum

154 2475 221 2548 soli
244 2476 496 2568 rempublicam
519 2488 694 2571 gererent
746 2472 855 2545 Adeo
872 2473 986 2563 major
1008 2472 1077 2545 esse
1095 2494 1209 2566 coepe·

154 2589 213 2646 rat
233 2593 398 2646 numerus
421 2574 692 2664 accipientium,
719 2593 822 2664 quam
841 2571 1020 2663 dantium,
1046 2585 1090 2643 ut
1104 2592 1210 2651 enor-

152 2673 279 2749 mitate
306 2672 539 2745 indidionum
564 2668 782 2762 consumptis
810 2669 950 2741 viribus
975 2672 1208 2764 colonorum,

150 2770 402 2847 ¹desererentur
419 2773 508 2866 agri,
536 2769 570 2841 δι
590 2771 737 2841 culture
762 2781 989 2862 verterentur
1009 2771 1045 2841 in
1060 2767 1211 2860 sylvam·

152 2871 205 2946 Et
227 2885 268 2942 ut
287 2872 405 2945 omnia
427 2886 568 2944 terrore
589 2870 876 2961 complerentur,
903 2868 1100 2963 provincie
1120 2890 1211 2960 quo·

155 2991 227 3063 qaae
246 2972 282 3042 in
305 2967 412 3042 frusta
435 2967 611 3063 concisae,
646 2969 748 3044 multi
769 2965 932 3040 Praesrdes
952 2967 985 3042 dc
1004 2971 1104 3060 plura
1123 2967 1210 3044 Offi.
1242 2995 1245 3002 ·

157 3072 214 3154 cia
230 3069 367 3167 singulis
386 3071 614 3165 regionibus,
639 3090 680 3142 ac
695 3090 788 3162 pene
803 3068 873 3160 jam
893 3067 1097 3140 civitatibus
1110 3071 1212 3166 ineu·

154 3173 264 3262 bare,
291 3168 377 3241 item
391 3168 599 3242 Rationales
617 3170 754 3258 multi,
768 3168 801 3237 aa
816 3165 998 3261 Magistri,
1026 3168 1210 3240 &Vicarii

154 3265 429 3360 Praesedorum,
446 3267 571 3358 quibus
588 3267 753 3339 omnibus
767 3267 891 3338 civiles
906 3264 1005 3340 ailus
1018 3266 1210 3356 admodum
1224 3279 1231 3292 '

155 3371 238 3459 rari,
249 3367 307 3440 sed
321 3367 642 3439 condemnationes
658 3363 1124 3457 tantumdtproscriptiones
1141 3364 1212 3436 fre·

158 3481 330 3560 quentes,
359 3463 701 3542 exauiones..rerun
717 3465 1043 3554 innumerabilium,
1070 3483 1145 3535 non
1162 3463 1213 3536 di·
1274 3553 1276 3557 ᾗ

158 3586 239 3637 cam
261 3567 415 3657 crebrae,
442 3563 500 3639 sed
519 3579 723 3661 perpetue,
751 3563 839 3636 &in
860 3562 1102 3637 exadionibus
1124 3562 1213 3654 inju÷

157 3666 221 3738 riae
237 3684 312 3736 non
324 3663 488 3739 serenda.
528 3662 610 3736 Nec
626 3684 770 3759 quoque
786 3663 930 3736 tolerari
948 3661 1111 3757 poliunt,
1134 3681 1213 3755 quae
1304 3699 1307 3704 ·

158 3765 206 3838 ad
220 3762 439 3836 exhibendos
457 3764 586 3837 milites
602 3761 768 3856 speiiant.
819 3761 917 3836 Idem
933 3760 1115 3834 insatiabili
1131 3782 1214 3834 ava·

159 3865 242 3936 ritia
266 3859 446 3935 thesauros
471 3883 650 3953 nunquam
674 3861 785 3936 minui
807 3862 977 3934 volebat:
1002 3857 1061 3931 sed
1077 3859 1213 3952 semper

160 3960 458 4036 extraordinarias
473 3983 561 4057 opes
577 3983 618 4034 ac
634 3962 839 4060 largitiones
854 3960 1091 4054 congerebat,
1114 3972 1155 4032 ut
1171 3980 1213 4032 ea

140 4083 238 4166 ¹quae
265 4059 508 4164 recondebat,
544 4063 683 4174 integra
707 4073 813 4152 atque
836 4059 1016 4170 'inviolata
1042 4058 1217 4227 ΐοζζατεε.
1242 4070 1269 4127 s

1127 4172 1197 4224 eru
