2775 4792
199 512 202 517 ⁸
287 412 554 489 Lacraurrr
577 428 711 486 tran
734 428 792 485 nr
814 405 895 485 lua
917 404 1024 527 Dra·
1119 426 1187 503 ¹7¹

995 574 1195 603 ἡ

427 679 459 755 c
483 679 520 763 n
543 681 571 755 Ρ
595 680 634 757 u
656 680 694 757 r
749 628 911 763 xuur.

207 825 261 899 De
288 824 423 899 Pectoris
446 824 673 929 vindicandis,
689 822 762 923 fine
784 828 837 899 iro
854 826 938 923 fieri:
956 846 1024 939 '¹⁰.'¹
1041 823 1133 923 posti·

143 983 404 1159 Guidopru
418 982 488 1075 est,
505 983 691 1079 inquiunt,
708 986 779 1081 ira,
798 1006 878 1061 cum
891 984 964 1062 fine
975 984 1050 1061 hoc
1062 978 1192 1057 effetiu

259 1099 410 1177 peccata
432 1085 563 1181 corrigi
583 1084 739 1177 possinti
769 1082 1016 1179 nequinum
1035 1082 1108 1173 est,
1132 1081 1193 1172 qui

140 1197 353 1277 peccantem
376 1183 481 1277 pollit
507 1183 629 1259 videre
655 1184 864 1276 tranquille:
901 1184 1007 1281 poliit
1031 1179 1195 1271 fortasse,

142 1283 205 1374 qui
221 1282 358 1379 legibus
369 1282 549 1377 presidet,
568 1284 649 1377 quia
662 1284 801 1358 facinus
815 1305 892 1359 non
903 1283 966 1360 sub
983 1283 1099 1359 oculis
1116 1280 1193 1373 ejur

142 1381 370 1475 admittitur,
402 1380 461 1457 sed
485 1382 646 1457 defertur
672 1382 812 1459 aliunde
839 1396 1007 1477 tanquam
1031 1380 1194 1471 dubium,

141 1502 213 1554 nec
235 1502 387 1573 unquam
402 1480 521 1575 potest
534 1479 731 1556 eliescelut
745 1483 985 1572 ramularum,
1012 1494 1056 1555 ut
1071 1478 1195 1554 defen·

142 1580 234 1655 stoni
248 1581 350 1653 locus
365 1601 440 1655 non
457 1581 522 1668 srt3
548 1579 681 1655 &ideo
699 1581 820 1675 potest
832 1581 944 1675 judex
956 1599 1035 1679 aon
1051 1578 1196 1653 moveri

142 1678 310 1753 adversus
322 1700 416 1773 eum,
433 1682 493 1772 qui
508 1680 627 1774 potest
637 1682 812 1775 innocens
823 1680 991 1756 inveniri.
1031 1674 1194 1768 Cumque

140 1778 319 1855 detectum
328 1778 465 1854 facinus
475 1779 513 1852 in
522 1781 640 1855 lucem
651 1783 808 1873 venerit,
813 1782 887 1874 jam
899 1800 977 1855 non
991 1775 1131 1871 sua‚l‘ed
1146 1777 1196 1855 le.-

141 1898 225 1974 gum
235 1876 409 1952 sententia
420 1880 544 1953 utitur.
569 1878 692 1954 Potest
708 1879 876 1969 concedi,
889 1878 1011 1952 utiine
1020 1879 1072 1949 ira
1086 1876 1196 1950 faciat

142 1976 242 2068 quod
260 1976 367 2064 facit·;
393 1976 503 2051 habet
520 1980 614 2053 enim
631 1978 730 2069 quod
750 1977 926 2071 sequatur.
975 1976 1059 2051 Nos
1079 1988 1194 2067 certe,

142 2096 226 2149 cum
243 2075 341 2149 domi
355 2087 528 2171 peccatur
545 2098 565 2149 a
582 2076 732 2172 nostris,
760 2074 834 2152 five
847 2076 884 2149 id
897 2076 1095 2168 cernimus,
1120 2072 1197 2147 five

142 2172 335 2267 sentimus,
367 2174 540 2273 indignari
562 2174 702 2250 necelle
724 2174 800 2266 est'3'
836 2174 910 2271 ipse
935 2176 1029 2252 enim
1054 2174 1196 2270 peceati

144 2272 551 2371 asperiusindignurest.
575 2274 672 2351 Nam
684 2278 744 2370 qui
757 2298 833 2351 non
845 2292 1017 2365 movetur
1030 2276 1196 2367 omnino,

145 2372 707 2548 ”idildilidstiellfflrst
722 2373 1199 2547 ‘uuuutlnu

143 2495 268 2663 ffuieta
288 2592 390 2644 mens
410 2495 689 2664 asgernsstussgac'
701 2496 843 2662 Q,
859 2496 938 2650 ,epifi
961 2570 1198 2645 stimulaverit

144 2667 475 2744 iradiincitaverit.
526 2671 600 2769 Qui
614 2682 732 2743 autem
745 2692 825 2744 curn
840 2682 1052 2761 moveatur,
1077 2684 1197 2743 tamen

145 2764 395 2859 intempestiva
419 2767 587 2859 lenitate,
622 2770 684 2841 vel
704 2766 827 2864 saepius
853 2766 1113 2862 quamneceffe
1132 2766 1199 2862 est,

145 2868 210 2942 vel
229 2867 336 2941 etiam
357 2863 493 2960 semper
511 2863 684 2963 ignoscit,
711 2867 741 2939 is
756 2867 861 2961 plane
876 2866 911 2940 u
926 2866 1070 2963 illorum
1087 2869 1199 2942 vitam

144 2966 286 3064 perdit,
312 2984 464 3058 quorum
482 2965 662 3041 audaciam
677 2967 790 3040 nutrit
810 2966 854 3041 ad
873 2965 1035 3040 facinora
1049 2967 1209 3063 majora,¹
1267 3016 1274 3025 .

99 3084 104 3091 ·
147 3067 183 3138 dr
205 3066 266 3139 libi
293 3065 356 3158 ipll
378 3080 546 3139 aternam
568 3064 809 3141 molestiarum
830 3065 1015 3141 materiam
1035 3064 1200 3141 subminia

146 3164 243 3241 strat.
294 3162 436 3238 Vitiosa
451 3162 501 3237 est
514 3182 600 3260 ergo
613 3164 650 3237 in
663 3166 822 3259 peccatis
836 3166 898 3240 ira
909 3162 977 3238 suae
991 3164 1182 3244 cohibitio.

222 3262 404 3339 Laudatur
420 3262 601 3355 Archytas
620 3261 860 3353 Tarentinus,
885 3265 945 3353 qui
962 3282 1043 3339 cum
1058 3264 1095 3338 in
1109 3284 1196 3361 agro

148 3376 321 3458 corrupta
331 3358 401 3435 esse
415 3362 536 3435 omnia
548 3360 793 3455 comperillet,
809 3363 919 3434 villici
929 3361 980 3435 sui
991 3363 1129 3458 culpam
1141 3384 1198 3437 re·

147 3463 342 3560 darguens,
360 3457 531 3536 Miserum
548 3475 607 3552 te,
630 3462 765 3556 inquit,
786 3471 890 3552 quem
900 3462 973 3554 Jam
987 3458 1200 3537 verberibue'

146 3561 343 3655 necallem,
361 3560 424 3635 nist
437 3562 547 3634 iratus
564 3558 680 3644 eliam.
725 3556 884 3635 Unicum
903 3560 976 3633 hoc
995 3562 1199 3652 exemplum

148 3661 393 3756 temperantia
404 3672 550 3754 putant:
566 3660 624 3735 sed
638 3656 849 3735 auctoritate
861 3657 956 3732 uum
969 3678 1044 3730 non
1057 3658 1198 3754 vident,

151 3781 256 3850 quam
265 3760 586 3853 ineptadrlocutur
598 3756 914 3853 strenuitfecerit.
941 3755 1035 3831 Nam
1046 3757 1084 3850 fi,
1097 3772 1138 3833 ut
1148 3762 1199 3835 ait

148 3863 270 3950 Plato,
281 3878 389 3933 nemo
402 3859 557 3953 prudens
572 3857 687 3952 punit,
706 3858 788 3949 quia
803 3869 992 3951 peccatum
1008 3852 1071 3939 est,
1081 3854 1206 3933 sedne·

147 3969 336 4061 peccetur,
347 3974 493 4052 apparet
503 3977 606 4049 quam
615 3958 745 4032 malum
756 3957 812 4029 vir
821 3950 956 4050 sapiens
970 3955 1199 4051 proposuerit

150 4060 366 4161 exemplum.
415 4056 453 4139 Si
474 4059 570 4171 cuitu
589 4054 759 4138 senserint
780 4052 875 4139 serui
895 4052 1241 4260 ‹lo‘ttrirrutnsslwh
