2775 4792
489 403 827 497 Bnorurd
1050 425 1179 510 .rn

278 570 414 649 Donec
429 550 603 644 maturadn
618 564 777 661 perferat
797 559 969 663 effigient.
1081 564 1107 574 ''
1229 631 1232 638 .

131 696 203 770 ης
228 669 295 760 Ast,
305 672 367 749 ubi
382 670 553 763 primeva
565 668 674 761 coepit
688 666 820 740 florere
830 667 997 760 juventa,
1178 729 1181 734 .

247 765 415 848 „Evolat
431 766 475 842 ad
491 766 620 862 patrias
635 767 707 860 jam
725 766 883 858 reditura
899 766 1041 842 domoc.
1143 777 1147 782 “

170 885 172 893 ’
227 873 328 949 Ante
337 884 472 960 tamen,
486 868 636 960 proprio
652 864 817 956 quicquid
830 865 875 940 de
890 862 1048 962 corpore
1061 867 1182 966 restat,

280 968 457 1060 Ossaque,
480 967 545 1040 vel
561 966 722 1057 cineres,
747 966 968 1059 exuviasque
986 966 1082 1056 suas3

228 1069 402 1167 Unguine
413 1064 609 1161 balsameo,
633 1065 868 1158 myrrhaque,
894 1065 1048 1160 &thure
1062 1065 1182 1143 soluto

133 1194 207 1258 120
280 1168 434 1259 Condit,
459 1165 545 1240 &in
558 1164 712 1239 formam
728 1165 926 1260 conglobat
942 1184 1009 1240 ore
1022 1167 1097 1262 pio.
1178 1189 1182 1228 2

102 1287 111 1307 '¹
168 1347 171 1357 ,
233 1272 353 1369 Quam
369 1265 517 1361 pedibus
535 1262 672 1360 gestans
687 1264 880 1337 contendit
898 1263 982 1339 solis
1002 1264 1046 1340 ad
1066 1282 1184 1365 ortus,

284 1367 397 1459 Inque
419 1385 478 1438 ara
493 1363 668 1457 reddens,
693 1364 799 1457 ponit
813 1364 851 1437 in
866 1364 940 1438 aede
954 1363 1060 1441 saera.
1186 1443 1189 1448 ,

233 1465 439 1544 Mirandum
456 1461 526 1538 sese
541 1460 681 1558 praestat
693 1464 899 1556 praebetque
913 1463 1077 1555 videnti3

284 1564 425 1641 Tantus
441 1565 491 1638 ibi
507 1562 619 1637 decor
634 1560 704 1653 est,
726 1575 848 1635 tantus
864 1561 1021 1637 abundat
1031 1565 1168 1644 honor.
1262 1579 1265 1590 '

137 1679 210 1762 125
234 1664 415 1762 Principio
433 1666 540 1737 color
556 1659 628 1757 est,
654 1661 765 1755 quadis
782 1659 844 1737 sub
860 1663 999 1737 cortice
1014 1665 1112 1759 levi,
1181 1695 1185 1714 ε

282 1765 390 1841 Mitia
404 1784 509 1858 quem
525 1782 694 1839 croceum
709 1763 840 1855 punica
852 1781 961 1858 gana
978 1764 1114 1870 legunt

236 1866 363 1967 Qualis
387 1862 476 1936 inest
497 1860 617 1955 foliis,
641 1881 719 1953 quae
732 1861 804 1935 fert
817 1859 953 1962 agreste
961 1882 1140 1963 papaver,

288 1963 381 2037 Cum
394 1960 517 2055 pandit
533 1960 650 2035 vestes
666 1959 776 2034 Flora
790 1961 945 2035 rubente
957 1963 1060 2054 polo.
1252 1993 1255 1998 ·

98 2055 113 2088 ’·
237 2061 323 2150 Hoc
337 2057 476 2137 humeri
489 2057 1228 2162 pestusquedecenaveleminefulgent3‘‘

139 2184 213 2259 130
286 2162 373 2240 Hoc
383 2160 586 2257 capughoc
594 2157 941 2254 cervigsunmaque
950 2168 1189 2259 terganitent.

149 2337 152 2346 ,
239 2259 433 2354 Caudaque
447 2258 642 2359 porrigitur
658 2253 765 2334 fulvo
782 2257 940 2336 distindta
953 2265 1116 2364 metallo,
1187 2295 1190 2332 ;

115 2424 135 2462 ,
289 2362 333 2437 ln
350 2362 449 2455 cujus
467 2361 614 2435 maculis
630 2379 786 2456 purpura
799 2359 898 2436 mista
911 2362 1030 2438 rubet

95 2541 105 2548 ,
238 2459 383 2536 Clarum
398 2462 492 2534 inter
510 2479 644 2555 pennas
660 2459 793 2556 infigne
814 2460 870 2534 est·
881 2457 1030 2555 desuper
1038 2462 1059 2557 ς
1076 2463 1143 2544 Iris
1275 2539 1279 2552 ,

286 2559 437 2654 Pingere
451 2580 519 2632 ceu
533 2560 665 2633 nubem
681 2557 829 2651 desuper
845 2560 916 2634 aita
930 2558 1033 2637 solet
1052 2619 1059 2630 .

129 2678 216 2757 -135
240 2653 537 2754 Albicatiniignis
552 2654 655 2734 misto
668 2656 848 2730 viridante
862 2659 1067 2757 smaragd03
1105 2694 1109 2702 ·

292 2752 344 2830 Et
358 2777 450 2852 puro
470 2774 586 2830 cornu
602 2774 761 2852 gemmea
776 2750 889 2852 cuspis
904 2760 988 2833 hiat.

229 2847 409 2955 ¹lugentes
426 2857 555 2938 oculor
571 2855 694 2930 credas·
707 2858 869 2952 geminos
882 2857 1099 2951 hyacintos3·

161 2991 165 2998 ·
296 2948 463 3057 Quorum
477 2956 522 3029 de
536 2955 656 3031 medio
674 2956 791 3030 lucida
808 2957 948 3033 flamma
963 2959 1083 3037 micat.

246 3053 424 3149 AEquatur
436 3069 520 3130 toto
537 3057 644 3150 capiti¹
660 3056 795 3130 radiata
809 3079 962 3154 corona,

151 3178 223 3253 140
294 3155 438 3231 Phoebei
451 3153 609 3230 referens
625 3157 775 3230 verticis
790 3160 859 3232 alta
874 3160 997 3238 decus.

249 3251 363 3330 Crura
376 3270 504 3352 tegunt
516 3253 663 3347 squamae
678 3253 779 3354 flavo
795 3257 953 3333 distindia
966 3258 1133 3335 metallor

299 3353 367 3427 Ast
379 3374 514 3450 ungues
530 3351 652 3429 roseus
667 3356 783 3451 pingit
798 3357 942 3453 honore
960 3361 1079 3437 color.

92 3545 105 3560 ἡ
245 3452 389 3626 Effigies
406 3455 501 3528 inter
512 3453 670 3528 Pavouis
691 3454 790 3529 mista
803 3454 951 3554 figuram

139 3610 142 3619 .
317 3556 494 3648 emitur,
520 3551 863 3647 &pidamPhafidis
883 3558 979 3632 inter
997 3579 1114 3636 avem.
1193 3589 1208 3618 x

155 3674 224 3753 145
250 3651 492 3751 Magniciern,
516 3655 622 3727 terris
636 3651 794 3744 ¹Arabum
812 3676 889 3749 quae
903 3657 1059 3756 gignitur
1081 3660 1169 3756 ales,
1300 3679 1303 3686 ¹

139 3769 144 3782 ¹
239 3793 245 3842 ;
303 3749 379 3828 Vra
391 3773 531 3848 equare
545 3750 685 3847 potest,
710 3752 771 3829 seu
782 3752 879 3850 fera,
904 3756 965 3831 seu
977 3756 1019 3832 fit
1038 3761 1128 3836 avia.

252 3847 344 3928 Non
361 3866 481 3927 tanen
502 3850 554 3927 est
571 3853 699 3947 tarda,
733 3867 776 3927 ut
798 3859 994 3942 uolucres,
1026 3878 1104 3950 quae
1117 3875 1205 3933 cor·
1242 3856 1244 3860 ’

793 3975 886 4048 pore
901 3957 1032 4054 magno
1138 4009 1142 4016 -

305 4047 459 4129 lnceffur
474 4049 617 4155 pigros,
640 4071 816 4154 pergrave
831 4055 975 4154 pondre
990 4057 1198 4220 tanuen&Q

486 4435 575 4465 Δ.
660 4429 667 4460 i
702 4435 825 4465 ind-¹..-
