2775 4792
198 448 200 453 .
296 336 572 462 Μένητι]
603 390 737 462 tmen
768 407 827 493 nn
851 384 934 463 Ins
957 385 1083 493 Det¹
1136 409 1204 488 149

153 540 321 636 inianiae3
351 548 438 627 nihil
453 548 597 639 videtur
612 546 761 621 ulterius
785 549 855 622 dici
876 544 995 642 poll‘ez
1025 547 1204 643 sedinve·

155 649 213 721 nit
231 662 346 720 tamen
364 648 425 720 ille
440 649 539 741 quod
559 646 714 721 adderet.
769 649 992 747 „Quoniam
1011 647 1062 721 est
1079 669 1201 742 omne,

158 798 187 840 ‚‚
198 744 330 840 inquit,
346 743 631 839 inlinitum‚'ne'c
642 743 762 838 potest
775 748 963 840 quidquam
976 767 1125 837 vacare3
1140 768 1202 821 ne·

158 896 187 939 „
198 843 287 935 celle
304 844 355 919 est
374 863 462 941 ergo
478 844 750 929 innumerabiles
770 843 839 921 ess’e
855 847 1019 921 mundos.
1032 846 1063 886 “
1110 849 1202 945 Quae

155 958 256 1017 tanta
277 943 336 1019 'vis
353 943 472 1039 luerat
491 959 718 1035 atomorum,
744 959 786 1017 ut
804 948 918 1018 moles
939 958 1010 1019 tarn
1024 943 1203 1018 inestima-

155 1043 245 1117 biles
269 1063 316 1116 ex
337 1056 410 1117 tam
434 1044 577 1139 minutis
600 1042 931 1139 conglobarentur?
970 1046 1025 1116 Ac
1050 1044 1202 1135 primurn

155 1143 330 1236 requiro,
363 1162 438 1235 quae
456 1143 499 1216 lit
521 1140 667 1221 istorum
690 1139 883 1226 seminum,
898 1143 969 1215 'uel
993 1145 1113 1235 ratio,
1139 1143 1202 1214 vel
1288 1218 1292 1227 ,

155 1244 274 1336 origo.
323 1238 359 1314 Si
383 1243 474 1315 eninr
496 1241 624 1315 exillis
637 1238 717 1341 sunt
729 1244 873 1333 omnia,
897 1239 969 1336 ipsa
984 1242 1090 1338 igitur
1104 1241 1201 1315 unde

154 1338 226 1413 else
243 1339 427 1414 dicemus?
453 1362 529 1439 quae
542 1354 668 1414 natura
682 1346 817 1413 tantam
834 1342 973 1434 copiam
988 1341 1031 1412 ad
1049 1337 1202 1412 efficien·
1269 1400 1274 1407 .

153 1439 224 1511 dos
239 1440 510 1521 innumerabiles
527 1438 680 1516 mundos
689 1437 994 1515 subministravit?
1024 1439 1093 1515 Sed
1107 1458 1202 1519 con·

156 1538 341 1623 cedamus,
363 1551 406 1612 ut
421 1538 566 1633 'impune
589 1538 633 1611 de
652 1539 790 1612 mundis
813 1537 1037 1611 deliraverit:
1064 1536 1108 1609 de
1127 1538 1201 1611 hoc

155 1637 368 1732 loquamur,
392 1632 523 1735 inquo
543 1637 680 1727 sumus,
708 1639 741 1729 dr
766 1659 870 1729 quern
893 1636 1064 1711 videmus.
1120 1635 1201 1720 Ait,
1277 1670 1280 1676 ⁵

155 1738 276 1810 omnia
295 1758 341 1810 ex
356 1736 548 1812 individuis
565 1737 782 1830 corpusculis
793 1735 889 1810 lieri.
908 1808 912 1813 ,

227 1834 264 1908 Si
282 1836 355 1909 lroc
372 1836 423 1908 ita
440 1836 548 1929 ellet,
573 1838 669 1909 nulla
682 1857 740 1910 res
755 1855 910 1926 unquam
927 1831 976 1906 sui
990 1833 1128 1928 generis
1150 1832 1200 1908 se·

154 1935 250 2008 mine
265 1935 451 2033 indigeret.
500 1935 583 2023 Sine
596 1936 678 2009 ovis
692 1937 792 2008 alites
805 1932 1050 2023 nascerentur,
1071 1953 1111 2003 ac
1127 1952 1201 2006 ova

152 2033 226 2107 fine
241 2049 366 2125 partu,
390 2032 478 2109 itern
492 2047 620 2107 caetera
632 2035 795 2107 viventia
809 2034 882 2106 srne
897 2030 1014 2104 coitu:
1040 2030 1201 2123 arbores,
1228 2034 1234 2043 '
1261 2078 1270 2095 ,

155 2131 191 2204 &
207 2153 282 2223 quae
299 2133 492 2229 gignuntur
515 2157 536 2207 e
558 2147 673 2224 terra,
695 2128 987 2227 propriarsenrina
1001 2146 1077 2202 non
1095 2129 1202 2203 habe·

107 2224 110 2235 ’
153 2245 253 2321 rent,
280 2251 357 2324 quae
374 2249 448 2307 uos¹
462 2220 624 2331 quotidie
642 2229 847 2324 usitamus,
874 2228 1075 2303 &serimus
1126 2226 1202 2301 Cur
1267 2253 1274 2268 ·

154 2351 200 2402 ex
218 2329 400 2404 frumento
419 2326 714 2429 seges'trascrtuss
738 2330 772 2405 tr
792 2327 908 2410 rursus
929 2350 974 2423 ex
995 2326 1112 2422 segete
1127 2325 1200 2399 fru-

154 2428 340 2503 mentum?
370 2426 537 2525 Denique
556 2428 582 2520 li
601 2434 804 2505 atomorum
823 2427 937 2501 coitio
956 2420 990 2498 dr
1007 2427 1201 2521 congloba-

154 2529 209 2600 tio
230 2527 386 2625 efficeret
406 2532 547 2622 omnia,
571 2525 615 2603 in'
628 2549 711 2605 aere
727 2524 892 2602 universa
906 2522 1199 2615 concrescerent3

154 2626 181 2700 s1
199 2627 424 2720 quidem-per
442 2622 546 2702 inane
564 2628 674 2704 atomi
696 2629 876 2703 volitant:
912 2614 975 2697 cur*
997 2624 1069 2696 srne
1092 2637 1201 2717 terra,

155 2724 229 2797 stne
242 2722 441 2817 radicibus,
458 2726 530 2801 line
545 2726 718 2816 humore,
734 2725 806 2797 line
821 2721 967 2819 lemine,
985 2742 1062 2793 non
1075 2722 1199 2812 herba,

155 2820 233 2896 non
245 2822 370 2910 arbor,
383 2846 459 2898 non
473 2823 591 2921 fruges
606 2824 691 2895 oriri
704 2823 892 2919 augerique
904 2817 1073 2914 poliunt?
1091 2818 1201 2892 Unde

155 2932 326 3016 apparet,
350 2925 443 2998 nihil
465 2946 511 2997 ex
532 2918 784 3011 atomis-‚fierr;‚
814 2917 1097 3013 quandoquidem
1114 2940 1199 2991 una·
1270 2982 1287 3015 ,.

137 3098 140 3103 ,
157 3040 372 3115 quaequeres
385 3024 494 3096 habet
505 3022 684 3115 propriam
702 3036 904 3112 certamque
917 3032 1090 3110 naturam,
1101 3017 1200 3091 suum

154 3121 293 3210 semen,
311 3119 403 3196 suam
417 3125 530 3219 legem
546 3123 589 3194 ab
606 3121 758 3201 exordio
776 3121 903 3194 datam.
950 3117 1116 3208 Denique
1128 3117 1199 3196 Lu·-

157 3221 310 3309 cretius,
336 3220 428 3311 quafi
443 3222 576 3294 oblitus
591 3220 816 3310 atomorum,
841 3231 925 3306 quas
941 3214 1132 3308 afferebat,
1157 3229 1200 3286 ut

154 3321 384 3413 redargueret
405 3342 493 3411 eos,
527 3319 587 3412 qui
610 3319 734 3403 dicunt
759 3339 804 3389 ex
827 3317 938 3387 nihilo
953 3312 1043 3386 'fieri
1067 3314 1198 3393 omnia,
1293 3334 1296 3339 ·

116 3438 118 3443 ·
154 3418 209 3493 his
226 3420 437 3515 argumentis
455 3417 536 3492 usus
554 3415 627 3511 est,
653 3437 730 3511 quae
750 3428 877 3487 contra
893 3410 1003 3506 ipsum
1026 3414 1199 3485 valerent.

153 3515 216 3590 Sic
231 3519 322 3596 enim
340 3518 446 3592 dixit:
684 3590 690 3599 ,
753 3526 783 3537 ”

206 3619 292 3688 Nam
310 3616 340 3713 fi
363 3620 397 3690 ds
420 3616 693 3707 nihilo·fiererrt,‘
713 3635 752 3693 tx
775 3609 915 3683 omnibus
939 3609 1031 3683 redet
1058 3651 1082 3696 .·
1206 3610 1209 3615 ’

209 3718 306 3785 Omna
320 3740 423 3885 penus
446 3716 532 3807 nasci
546 3709 668 3833 Ιροῇιις
692 3702 879 3840 rrilsepripe
902 3725 1012 3804 egeret.

153 3806 248 3905 Item
269 3828 318 3907 po
349 3837 411 3908 ea,
718 3888 728 3905 ,
1055 3844 1062 3853 ’
1198 3858 1227 3915 Ι,-

206 3912 272 3986 Nil
296 3916 392 4003 igiter
408 3916 486 4007 fieri
510 3914 545 3985 dr
567 3913 636 3985 nilo
656 3906 735 4009 poffe
753 3908 922 4003 fatendum
947 3902 1006 4003 elia
1185 3929 1188 3934 ·
1281 3942 1292 3959 κ

208 4015 336 4083 Semine
358 4016 480 4111 quando
503 4035 577 4109 oprr
602 4011 639 4108 ‘fl
665 4010 775 4094 relus,
811 4032 869 4106 prro
892 4027 1017 4104 quaque
1039 4019 1149 4078 neela

205 4112 303 4190 Acris
327 4114 366 4187 r'n
389 4129 511 4220 tprerru
531 4110 648 4214 prfflrrr
672 4107 842 4200 proferrier
864 4130 977 4189 euro.

660 4206 748 4309 Ka
1006 4193 1192 4297 ,Ψ
