2775 4792
257 419 557 517 Lacaenam
581 454 727 515 trata
752 457 812 514 ne
830 413 1047 538 riensi.
1107 439 1174 532 153

127 602 250 677 lietur.
297 598 371 675 Ubi
393 600 487 700 enim
507 619 584 674 non
602 598 653 674 est
671 599 871 698 cogitatio,
895 619 964 674 nec
984 609 1104 673 motus
1126 593 1178 671 est

127 679 252 793 ullus,-
266 697 335 773 nec'
360 698 526 774 efficacia.
577 698 748 773 stantem
770 697 918 773 confiiio
938 698 1050 773 utitur
1067 697 1111 772 ad
1122 697 1178 770 in·

130 797 333 891 cipiendutn
347 798 496 889 aliquid,
522 798 662 872 ratione
680 798 722 870 ad
742 791 1030 894 disponendum,
1043 812 1117 870 arte
1132 794 1177 869 ad

129 895 377 986 efficiendum,
411 897 548 970 virtute
573 896 617 971 ad
637 895 971 992 consummandum,
1002 894 1178 991 potestate
1201 905 1203 910 '

132 999 177 1070 ad
201 994 400 1093 regendum
434 995 466 1070 dr
493 995 773 1086 continendum
808 1017 870 1070 cut
879 1003 1019 1072 'natura
1043 997 1185 1090 potius,

130 1117 235 1188 quarn
252 1096 351 1167 Deua
365 1094 593 1169 nominetur?
620 1093 694 1169 Aut
709 1093 941 1196 ii'coneutsus
958 1110 1177 1186 atomorum,

131 1198 193 1270 vel
211 1213 335 1284 carens
351 1209 471 1269 mente
486 1209 633 1288 natura,
657 1216 721 1283 ea,
742 1217 819 1288 que
834 1195 1019 1290 videmus,
1039 1192 1178 1286 effecit,

131 1315 255 1386 quaero
286 1311 348 1365 cur
369 1292 489 1367 facere
510 1296 638 1369 coelum
658 1295 844 1389 potuerit,
877 1297 1016 1392 nrbernx
1029 1307 1091 1367 aut
1115 1291 1180 1365 do·

129 1414 230 1467 mum
254 1389 328 1464 no'n
355 1394 540 1486 potuerit3
575 1414 639 1467 cur
662 1407 804 1467 montes
828 1393 1011 1468 marmoris
1032 1391 1178 1485 iecerit,

132 1492 319 1570 columnas
343 1491 573 1565 &simulacra
595 1512 671 1566 non
694 1490 850 1566 fecerit?
888 1489 1001 1584 Atqui
1021 1513 1098 1578 ‚non
1121 1489 1181 1563 de·

112 1588 288 1663 'buerant
313 1590 421 1664 atomi
446 1593 552 1666 eciam
575 1591 618 1665 ad
645 1592 720 1666 haec
739 1588 921 1666 efficienda
939 1609 1179 1686 concurrer03

132 1688 308 1779 srquidem.
324 1690 455 1766 nullam
480 1688 691 1784 positionem
716 1692 945 1781 relinquunt,
982 1710 1085 1781 quam
1104 1707 1182 1788 non

132 1788 372 1883 experiantur.
423 1788 518 1862 Nam
534 1789 739 1881 denatura,
765 1809 843 1883 quae
858 1803 1015 1864 mentem
1028 1809 1104 1872 non
1121 1787 1183 1860 lla·

131 1888 247 1978 beat,
265 1907 341 1958 non
357 1886 638 1981 eliminandum,
665 1888 763 1980 quod
777 1888 853 1961 haec
867 1885 987 1960 iacere
1002 1885 1115 1959 oblita
1129 1885 1181 1960 srt.

133 1985 235 2081 Quid
259 2003 347 2078 ergo
369 1983 448 2057 esti
482 1985 617 2074 Utique
638 1986 768 2077 Deua,
803 2006 882 2058 cunr
901 1985 1091 2059 inchoaret
1110 1984 1182 2057 hoc

135 2104 230 2178 opus
244 2082 387 2175 mundi,
419 2102 491 2175 quo
510 2084 595 2156 nihil
611 2083 730 2177 potest
748 2080 818 2159 elie·
832 2105 900 2170 nec
923 2083 1118 2177 dispositius
1139 2080 1184 2158 ad
1250 2097 1252 2102 ·

117 2183 418 2273 -ordinem,'nec
441 2183 555 2274 aptius
574 2184 617 2257 ad
637 2179 846 2267 utilitatem,
875 2205 945 2260 nec
961 2183 1122 2262 ornatius
1139 2181 1185 2256 ad

135 2280 433 2376 pulcritudinem,
449 2301 518 2355 nec
532 2282 643 2374 maius
657 2282 701 2366 ad
712 2285 864 2377 molem,
881 2295 958 2376 quea
968 2280 1044 2358 fieri
1063 2284 1106 2357 ab
1117 2284 1182 2356 ho·

135 2380 233 2456 mine
254 2401 331 2464 non
349 2392 542 2476 poterant,
567 2379 657 2457 fecit
672 2381 765 2477 ipse,
790 2383 827 2457 in
848 2384 973 2476 quibua
991 2383 1095 2455 etiarn
1118 2381 1185 2454 ho·

137 2480 269 2554 minem
286 2477 416 2572 ipsum,
444 2483 501 2555 cui
516 2482 725 2573 particulam
746 2481 790 2555 de
807 2481 865 2556 lua
881 2481 1048 2575 sapientie
1071 2479 1183 2573 dedit,

139 2576 362 2652 &instruxit
389 2599 468 2651 eurn
495 2582 637 2651 ratione
659 2593 827 2670 quantum
852 2579 1020 2677 fragilitas
1043 2589 1186 2651 terrena

138 2678 329 2772 capiebat,
354 2689 397 2750 ut
418 2674 490 2770 ipse
508 2675 570 2766 fibi
591 2673 872 2772 efficeras-que
886 2679 929 2751 ad
943 2676 1024 2751 usus
1040 2670 1120 2749 suot
1138 2672 1188 2749 es·

137 2775 217 2852 sent
229 2773 429 2851 neceffaria.¹
867 2845 870 2850 .

217 2875 254 2949 Si
267 2894 359 2949 vero
374 2875 410 2947 in
427 2866 530 2967 liujus
545 2872 686 2967 mundi,
702 2887 744 2947 ut
757 2874 807 2951 ita
819 2873 987 2968 dixerim,
1005 2873 1188 2968 republica

140 2976 242 3051 nulla
261 2974 488 3071 providentia
510 2971 581 3066 est,
608 2993 684 3069 quae
700 2991 821 3146 repat,
845 2973 1100 3067 nulluoDeus,
1126 2974 1188 3069 qui
1266 3035 1273 3068 ,

143 3071 383 3166 administret,
407 3089 476 3148 nec
497 3073 646 3148 omnino
670 3073 729 3149 sen
744 3095 785 3150 ua
805 3075 899 3148 ullus
921 3074 958 3148 in
980 3073 1047 3148 hac
1068 3095 1189 3149 rerunt

142 3189 271 3248 natura
289 3173 425 3266 polleta
451 3173 544 3245 unde
564 3173 671 3268 igitur
689 3193 788 3248 mena
804 3172 955 3248 humana
974 3172 1186 3264 tamsolers,

143 3287 216 3349 tam
239 3272 438 3366 intelligens
465 3285 546 3344 orta
568 3269 636 3348 effe
659 3270 852 3346 credetur?
883 3271 919 3344 Si
932 3272 1033 3362 ‚eninr
1056 3289 1210 3363 corpus-

143 3372 300 3468 hominis
316 3389 361 3444 ex
375 3369 485 3445 humo
504 3366 622 3443 fidium
643 3367 716 3462 est,
739 3370 836 3444 unde
853 3369 964 3444 homo
982 3389 1115 3444 nomen
1133 3387 1189 3439 ac-

145 3473 263 3566 cepit3
290 3469 424 3544 animus
448 3488 536 3566 ergo
559 3470 617 3562 qui
639 3467 747 3562 sapit,
773 3470 832 3562 qui
851 3466 969 3544 retlor
989 3468 1040 3543 est
1058 3483 1189 3558 corpo·
1285 3508 1289 3513 -

94 3631 96 3636 .
145 3573 218 3661 ris,
244 3570 301 3642 cui
322 3570 480 3644 membra
500 3567 741 3662 obsequuntur
757 3582 923 3660 tanquam·
937 3568 1012 3664 regi
1029 3565 1063 3639 δι
1081 3564 1204 3658 impe·w
1291 3575 1293 3580 '

147 3670 279 3752 ratori,
296 3671 370 3761 ·qui
384 3668 453 3743 'nec
470 3665 594 3759 aspici,
612 3688 680 3741 nec
694 3667 947 3764 comprehendi
960 3661 1097 3760 potest,
1113 3683 1192 3739 non

149 3768 272 3864 potuit
292 3768 334 3839 ad
354 3770 535 3843 hominem
554 3765 615 3840 nisi
632 3787 653 3839 a
672 3769 826 3863 sapiente
844 3780 969 3842 natura
988 3764 1189 3859 pervenire.

149 3864 221 3939 Sed
236 3864 322 3936 sicut
341 3888 448 3940 omne
467 3887 598 3959 corpus
613 3885 712 3942 mens
732 3866 767 3938 dt
781 3866 915 3940 animus
928 3864 1191 3959 gubernatrice

151 3969 186 4040 dt
206 3965 372 4039 mundum
390 3966 512 4056 D'eus„
551 3964 633 4043 Nec
655 3965 749 4040 enim
768 3963 955 4037 verifimile
978 3959 1048 4056 est,
1072 3961 1193 4036 utini·

150 4087 242 4160 nora
264 4062 297 4141 dt
318 4055 459 4162 humilia
475 4068 631 4168 regimen
649 4064 825 4244 bageam
855 4060 991 4157 majora
1009 4061 1042 4139 u
1061 4061 1198 4134 summa

232 4187 236 4193 ·
751 4179 771 4257 5
1083 4174 1181 4235 rou
1217 4171 1219 4175 ·
