2775 4792
223 451 293 530 ¹90
316 427 535 504 Lucanum
553 445 664 502 arnna
682 445 735 500 nr
748 422 954 503 Monmnus
971 424 1178 507 Pensrcor.
1298 408 1301 500 s

155 651 157 660 .
219 593 319 670 Idem
337 609 417 664 cum
437 588 543 662 variis
566 586 811 680 iniquitatibus
839 587 1037 662 immensam
1063 589 1205 663 faceret
1227 609 1272 666 ce·
1299 567 1301 602 ¹

114 717 117 726 ·
177 707 204 796 ὶΙ
219 696 386 781 ritatem,
410 689 524 786 legem
548 689 671 781 pretiis
693 705 812 761 rerum
833 689 1012 762 venalium
1033 685 1192 762 statuere
1218 711 1269 764 co·
1299 747 1302 754 .

132 863 135 870 ,
220 786 409 868 natusest.
465 785 574 862 Tunc
594 787 644 862 ob
670 787 854 884 exigua&
882 788 968 860 vilia
987 789 1117 861 multus
1138 786 1269 886 sanguis
1299 803 1302 872 i

223 889 385 981 effusus,
418 906 488 960 nec
511 888 639 961 venale
662 887 850 979 quidquam
875 902 974 960 metu
998 889 1217 983 apparebat,
1242 889 1270 962 dt

222 993 351 1076 caritas
386 987 501 1064 mttlto
527 985 683 1066 deterius
708 986 860 1077 exarsit,
901 985 1021 1060 donec
1049 988 1109 1060 lex
1136 989 1271 1064 neceiii·

180 1117 185 1128 ·
222 1106 298 1168 tate
311 1085 381 1182 ipsa
395 1085 474 1180 post
486 1087 680 1160 multorum
695 1086 841 1158 exitium
857 1081 1070 1162 solveretur.
1120 1085 1205 1159 Huc
1221 1109 1270 1160 ac·
1300 1087 1302 1126 ²

223 1190 375 1268 cedebat
401 1181 540 1258 iniinita
562 1183 721 1275 quedam
747 1183 920 1275 cupiditas
942 1182 1168 1280 aedificandi,
1199 1207 1270 1262 non

221 1294 340 1368 minor
361 1283 628 1377 provinciarum
647 1279 786 1360 exacuo
802 1282 839 1354 in
857 1269 1065 1356 exhibendis
1087 1289 1268 1380 operariis,
1301 1327 1303 1346 ι

222 1381 488 1476 narencium,
515 1381 725 1475 &plaustris
742 1382 928 1474 omnibus,
957 1403 1189 1475 quaecumque
1208 1385 1271 1459 sint

221 1483 434 1566 fabricandis
459 1483 627 1578 operibus
652 1479 853 1557 necessaria.
912 1482 983 1554 Hic
1008 1482 1179 1576 basilicae,
1217 1485 1269 1558 bic

223 1591 360 1676 circus,
384 1585 442 1657 bic
458 1596 624 1672 moneta,
644 1581 703 1654 hic
719 1597 897 1657 armonem
913 1580 1067 1674 fabrica,
1093 1582 1153 1654 hic
1167 1585 1267 1656 uxori

117 1737 131 1760 .-
222 1691 372 1778 domus,
398 1682 456 1756 hic
475 1677 564 1755 filiae.
614 1680 780 1773 Repente
801 1701 925 1776 magna
944 1700 1024 1773 pars
1043 1682 1202 1756 civitatis
1215 1705 1267 1756 ex·

221 1789 372 1863 ceditur.
422 1780 627 1877 Migrabant
646 1799 773 1854 ornnes
793 1799 875 1854 curn
895 1780 1105 1877 conjugibus
1126 1801 1169 1852 ac
1188 1785 1267 1854 iibe·

220 1893 296 1979 ris,
324 1882 417 1977 quasr
437 1882 527 1954 urbe
547 1879 590 1952 ab
611 1876 769 1952 hostibus
793 1892 907 1972 capta
957 1877 1006 1953 Et
1023 1883 1103 1952 c'um
1120 1879 1267 1972 perfecie

221 1990 299 2064 haee
323 1984 467 2058 fuerant
487 2000 567 2053 curn
589 1979 736 2052 interitu
754 1979 1042 2071 provinciarumz
1072 1977 1164 2052 Non
1177 1980 1288 2054 redie-

221 2087 313 2164 fadta
338 2083 440 2173 sunt,
475 2080 613 2166 aiebat3
648 2079 720 2150 alio
740 2078 854 2151 modo
877 2076 975 2152 fiant.
1025 2077 1159 2152 Rursus
1185 2079 1268 2153 dirui

222 2209 266 2260 ac
286 2182 413 2257 mutari
438 2175 577 2251 necesse
602 2191 699 2267 erat,
729 2178 859 2250 iterum
877 2175 1021 2249 fortasse
1035 2175 1168 2271 casura.
1219 2179 1268 2252 lta

220 2286 356 2377 semper
368 2278 615 2366 dementabat,
634 2275 885 2350 Nicomediam
899 2275 1041 2349 studens
1055 2277 1135 2349 urbi
1149 2278 1268 2354 Roma

222 2400 421 2474 coaequare.
471 2374 547 2472 Jam
569 2373 656 2447 iliud
678 2386 879 2467 pratereo,
913 2397 1015 2468 quarn
1037 2376 1141 2448 multi
1166 2380 1268 2472 pen'e·
1303 2461 1305 2467 ¹

221 2489 296 2560 rint
311 2477 557 2576 possessionum
574 2488 634 2547 aut
654 2494 765 2569 opum
784 2474 907 2569 gratia.
958 2475 1042 2547 Hoc
1061 2478 1157 2549 enirn
1176 2477 1276 2552 usna.

220 2602 299 2660 tum
322 2580 449 2653 &fere
469 2576 604 2649 licitum
626 2570 883 2648 consuetudine
903 2576 1088 2649 maiorum.
1150 2576 1219 2670 Sed
1235 2579 1267 2648 iu

220 2687 296 2762 hoc
315 2680 403 2756 illud
423 2678 492 2752 fuit
515 2674 751 2771 praecipuum,
785 2673 882 2766 quod
903 2675 1118 2765 ubicumque
1144 2676 1267 2750 cultio·

220 2806 297 2860 rem
316 2801 434 2877 agrum
452 2776 614 2867 viderat,
641 2788 703 2846 ant
718 2777 878 2849 ornatius
896 2771 1101 2866 aedificium,
1125 2776 1196 2866 jam
1214 2795 1267 2870 pa-

220 2897 298 2960 rata
314 2881 477 2952 Dornino
503 2873 727 2947 calumnia&
750 2895 852 2967 poena
875 2874 1055 2968 capitalis,
1081 2876 1177 2966 quasi
1198 2893 1267 2950 non

219 2979 338 3078 posset
355 2996 482 3071 rapere
500 2974 615 3046 aliena
626 2972 703 3045 sine
716 2971 892 3068 sanguine.

686 3123 806 3206 VIII.

200 3269 205 3280 '
295 3276 393 3382 Quid
415 3275 525 3349 frater
540 3273 614 3364 ejus
630 3271 888 3361 Maximianus,
914 3272 974 3364 qui
992 3270 1042 3345 est
1057 3270 1169 3346 ditius
1185 3275 1269 3348 Her·

221 3371 363 3460 tulius?
394 3397 471 3450 non
492 3371 652 3447 dissimilis
673 3374 717 3445 ab
736 3393 798 3448 eo.
857 3371 940 3444 Nec
961 3376 1052 3445 enirn
1074 3371 1217 3464 possent
1233 3375 1268 3446 in

220 3478 374 3560 amicitia
399 3490 471 3553 tam
496 3471 592 3546 fideii
618 3472 826 3564 cohaerere,
858 3471 920 3544 nisi
944 3471 1030 3544 esset
1052 3472 1087 3542 in
1111 3487 1266 3567 utroque

219 3603 320 3660 meus
344 3598 438 3670 una,
470 3575 592 3647 eadem
617 3571 818 3667 cogitatio,
854 3592 916 3663 par
941 3573 1138 3663 voluntas,
1173 3594 1268 3665 aequa

219 3680 433 3755 sententia·
467 3672 553 3747 Hoc
578 3671 690 3743 solurn
718 3668 960 3761 differebant,
997 3671 1095 3760 quod
1121 3675 1267 3745 avaritia

218 3781 349 3855 minori
364 3780 478 3850 altero
492 3772 561 3845 suit
574 3772 677 3864 pius,
703 3770 829 3861 majori
847 3791 937 3842 vero
953 3771 1087 3858 minus3
1115 3770 1174 3843 sed
1191 3777 1266 3867 pins

219 3877 441 3968 timiditatis,
475 3874 553 3965 plus
576 3889 667 3942 vero
688 3867 820 3960 animi,
854 3889 930 3942 non
954 3869 997 3940 ad
1024 3871 1116 3942 bene
1137 3873 1268 3945 sacien-

220 3980 326 4055 dum,
352 3973 409 4046 sed
433 3974 475 4045 ad
496 3972 598 4045 male.
648 3966 744 4042 Nam
763 3988 843 4044 cunr
868 3966 972 4061 ipsam
995 3969 1132 4062 imperii
1152 3969 1267 4045 sedem

218 4086 360 4155 teneret
380 4072 541 4166 ltaliam,
581 4067 872 4162 subjacerentque
899 4069 1164 4163 opulentissimae
1186 4091 1267 4162 pro·

1092 4190 1221 4243 vrncrae
