2775 4792
208 429 556 524 64Lscrsuc11
580 404 802 503 Eumene
824 448 975 517 urunt.
1001 428 1244 509 Iusrr'cuc.

210 614 311 687 rum,
342 591 378 664 id
404 589 478 684 est,
515 588 558 663 ad
583 588 777 687 regendam
796 574 1032 683 subjedlorum
1055 592 1275 687 disciplinam

212 692 293 765 data
319 690 369 764 est
391 713 410 763 a
429 690 540 780 Deo,
566 705 607 763 ut
622 704 745 765 metus
769 690 949 765 licentiam
975 694 1212 787 comprimat,
1239 693 1276 767 dc

151 810 154 827 ··
204 788 417 886 ‚compescat
440 790 631 866 audaciam.
687 789 758 862 Se'd
783 791 843 881 qui
870 793 1042 864 terminos
1067 792 1144 884 ejus
1170 793 1278 889 igno·

210 905 313 983 rant,
337 887 532 965 irascuntur
549 887 712 982 paribus,
732 902 793 961 aut
810 891 915 963 etiam
930 892 1147 984 potioribus.
1184 892 1276 966 Inde

213 991 256 1065 ad
277 990 438 1064 immania
454 984 616 1061 facinora
634 988 834 1083 prosilitur:
861 989 943 1064 inde
962 991 1003 1062 ad
1028 991 1163 1079 caedes,
1189 991 1276 1065 inde

214 1089 372 1183 adpella
400 1087 635 1183 consurgitur.
694 1084 878 1180 Cupiditas
905 1110 1051 1182 quoque
1073 1090 1115 1161 ad
1142 1091 1275 1165 defide-

212 1189 321 1263 randa
355 1188 389 1262 dc
422 1186 667 1277 conquirenda
698 1187 785 1261 vitae
815 1186 1008 1263 necessaria
1041 1189 1176 1263 tributa
1210 1190 1274 1265 eliz

148 1342 151 1359 .
212 1288 283 1363 Sed
307 1288 366 1379 qui
387 1285 549 1363 nesciunt
575 1283 663 1359 fines
686 1286 784 1378 ejus,
810 1284 1050 1362 insatiabiliter
1071 1310 1160 1381 opes
1185 1310 1276 1364 con-

213 1407 339 1484 gerere
356 1389 531 1460 nituntur.
584 1385 680 1458 Hinc
698 1407 858 1478 venena,
878 1389 961 1460 hinc
975 1387 1276 1482 circumscriptio·

213 1509 300 1580 nes,
327 1487 411 1560 hinc
432 1483 517 1558 falsa
540 1483 769 1577 testamenta,
796 1487 888 1559 hinc·
897 1489 1016 1560 omnia
1033 1487 1195 1562 fraudum
1214 1511 1275 1586 ge·

212 1608 299 1662 nera
313 1598 519 1679 eruperunt.
535 1580 709 1657 Libidinis
725 1599 843 1661 autem
859 1585 1003 1661 alfedius
1022 1588 1065 1660 ad
1079 1608 1276 1682 procreata·

217 1687 284 1760 dos
310 1687 443 1758 liberos
472 1682 593 1757 inlrtus
626 1683 828 1758 &innatus
858 1685 934 1761 est:
972 1687 1032 1759 sed
1057 1688 1116 1778 qui
1140 1688 1272 1762 limites

214 1790 289 1880 ejus
307 1777 480 1859 in'animo
502 1804 576 1856 non
595 1797 745 1875 tenent,
772 1799 922 1857 utuntur
944 1804 990 1858 eo
1008 1787 1050 1859 ad
1072 1785 1180 1859 solam
1204 1808 1271 1860 vo-

120 1886 127 1915 *
215 1887 400 1980 luptatem.
452 1882 539 1957 Inde
557 1883 669 1955 illiciti
685 1902 846 1971 amores,
868 1886 951 1958 inde
967 1885 1138 1959 adulteria
1154 1887 1189 1958 dc
1203 1886 1272 1960 stu·

213 2006 304 2081 pra,
335 1982 418 2077 inde
444 2004 569 2057 omnes
595 1960 1012 2078 corniptelaeuoriuntur.
1071 1985 1271 2082 Redigendi

213 2083 295 2158 'sunt
318 2105 405 2180 ergo
432 2081 486 2154 isti
510 2079 776 2155 affeftus-intra
801 2080 889 2158 lines
914 2083 1021 2176 suos,
1055 2083 1089 2156 tc
1116 2085 1150 2158 in
1174 2089 1272 2179 viam

213 2182 343 2257 reliam
360 2180 552 2277 dirigendi,
572 2182 608 2254 in
622 2201 690 2275 qua
703 2183 834 2258 etiamfi
849 2182 917 2258 fint
934 2184 1179 2281 vehementes,
1197 2188 1273 2261 cul·

213 2304 295 2379 pam
313 2299 431 2357 tamen
449 2282 580 2379 habere
598 2302 675 2355 non
693 2279 849 2375 poliunt.
1236 2294 1239 2299 ⁴

511 2621 602 2698 CA
625 2623 653 2698 P
678 2623 717 2697 U
740 2622 778 2698 Τ
808 2624 968 2704 .·LXII.

414 2789 467 2860 Dc
484 2784 702 2884 uoluptatibus
720 2786 870 2879 sensuum
893 2789 1074 2862 coercendis.

211 2980 467 3164 Cohibenda
489 2981 540 3069 est
561 2984 636 3076 ira,
662 3005 771 3075 quum
789 2986 943 3081 patimur
962 2985 1145 3078 injuriam,
1172 2996 1216 3059 ut
1233 2983 1271 3060 dt

309 3084 439 3158 malum
451 3083 725 3178 comprimatur,
753 3084 850 3176 quod
867 3105 912 3158 ex
929 3088 1120 3159 certamine
1135 3088 1270 3181 impen-

128 3249 143 3259 ..
217 3184 303 3276 det,
330 3183 425 3255 &ut
448 3182 533 3256 duas
556 3182 724 3259 maximas
746 3184 924 3277 virtutes,
948 3185 1190 3258 innocentiam
1210 3206 1287 3283 pa„

212 3282 449 3376 'tientiamque
461 3293 655 3359 teneamus.
698 3281 862 3357 Avaritia
877 3283 1071 3381 frangatur,
1088 3306 1195 3375 quum
1210 3286 1270 3357 lra-

215 3386 370 3477 bemus,¹
388 3381 484 3474 quod
506 3378 584 3456 satis
603 3382 663 3457 est.
716 3383 807 3482 Quis
826 3385 918 3456 enim
938 3383 1039 3456 furor
1059 3383 1132 3474 est,
1157 3385 1194 3457 in
1209 3383 1270 3459 his

215 3482 477 3583 coacervandis
492 3482 680 3575 laborate,
708 3503 785 3574 quae
799 3496 859 3556 aut
870 3484 1083 3574 latrocinio,
1110 3498 1171 3555 aut
1185 3503 1271 3575 pro·

214 3580 428 3675 scriptione,
456 3595 517 3654 aut
532 3596 651 3655 morte
670 3582 713 3653 ad
729 3572 818 3655 alios
834 3579 971 3656 neceffe
989 3582 1031 3655 srt
1050 3578 1270 3681 pervenire?

215 3678 345 3757 Libido
372 3694 474 3755 extra
501 3682 695 3775 legitimum
721 3694 842 3756 torum
867 3702 944 3754 non
971 3695 1173 3776 evagetur,
1209 3678 1271 3757 sed

216 3780 376 3854 creandis
395 3779 514 3853 liberis
530 3779 670 3853 serviat.
733 3779 953 3874 Appetentia
970 3782 1063 3853 enim
1076 3783 1184 3856 nimia
1198 3802 1269 3855 ¹uo·

215 3880 382 3972 luptatis,
403 3880 648 3976 &periculum
663 3881 774 3973 parit,
794 3880 1017 3953 &infamiam
1029 3899 1195 3976 generat,
1219 3881 1268 3974 dc,
1289 3924 1292 3929 -

216 3979 314 4071 quod
337 3977 387 4051 est
407 3979 557 4069 maxime
580 3980 801 4072 cavendum,
825 3994 981 4054 mortem
999 3982 1151 4073 adquirit
1168 3996 1270 4054 aeter·

211 4090 306 4157 narn.
363 4075 465 4155 Nihil
487 4076 539 4155 est
561 4093 633 4155 tam
654 4076 806 4157 invisum
826 4074 938 4180 Deo,
972 4101 1076 4176 quarn
1094 4102 1194 4253 mera
1215 4081 1270 4155 in·

1121 4201 1216 4253 cee
