2775 4792
105 508 108 547 l

105 398 108 491 ἑ
200 414 474 505 Lucanum
498 408 717 509 Errr'o'sru
741 420 1153 533 orvgu.,‚lurrrrur.
1181 392 1225 495 2⁶1

160 548 262 675 que}
292 582 466 682 gustaret,
498 552 581 658 fore
598 585 871 679 interminatus,
898 595 940 657 ut
963 550 1075 659 tritam
1097 581 1223 677 perde·

158 698 246 776 ret,
270 682 469 783 fifecissetss
494 683 630 758 srvero
651 684 855 760 mandatum
874 682 1052 776 servaret,
1076 684 1221 757 immor·
1243 694 1246 699 '

161 778 245 857 talis
269 797 507 879 permaneret.
556 781 653 857 Tum
675 782 845 876 serpens,
881 782 941 875 qui
961 796 1039 855 erat
1059 802 1149 854 unus
1172 802 1220 855 ex

141 966 144 975 ¹
161 876 236 961 Dei
251 880 438 976 ministris,
463 882 627 957 invidens
643 883 782 957 homini
799 885 896 975 quod
910 880 998 955 esset
1009 882 1219 955 immortalis

162 976 339 1081 cffedlus,
365 982 479 1055 rllexit
494 1004 572 1059 eum
591 983 701 1075 dolo,
726 996 768 1057 ut
782 983 985 1057 mandatum
999 981 1071 1053 Dei
1087 982 1222 1074 legem·¹

162 1096 233 1171 que
251 1078 527 1157 transcenderet.
575 1079 625 1155 Et
646 1084 720 1156 hoc
740 1081 852 1165 modo
871 1079 1051 1155 scientiam
1076 1078 1219 1170 quidem

161 1174 252 1255 boni
279 1201 321 1251 ac
345 1181 424 1261 mali
447 1181 607 1273 accepit3
640 1180 699 1255 sed
724 1184 855 1275 vitam,
886 1201 990 1274 quam
1009 1189 1221 1275 perpetuam

160 1273 266 1351 Deus
282 1280 476 1372 tribuerat,
502 1280 623 1357 amisit.
1229 1308 1240 1323 ·

240 1376 356 1470 Ejecit
386 1398 471 1478 ergo
498 1395 727 1473 peccatorem
755 1380 801 1453 de
825 1376 945 1453 sandio
973 1378 1085 1470 loco,
1114 1375 1155 1451 dt
1178 1375 1217 1449 in

161 1474 261 1548 hunc
288 1479 412 1551 orbem
432 1480 635 1575 relegavit,
666 1496 708 1551 ut
733 1478 866 1553 vidium
887 1490 1061 1571 quereret
1082 1496 1146 1569 per
1169 1476 1219 1549 la-.
1258 1510 1262 1519 ¹

160 1574 307 1669 horem,
333 1593 374 1648 ut
394 1576 618 1657 difficultates
637 1577 862 1653 &aerumnas
881 1598 950 1671 pro
973 1578 1103 1649 merito
1121 1573 1217 1647 susti·

159 1672 283 1764 nere‘t3
309 1675 490 1770 ipsumque
508 1677 705 1772 Paradisum
726 1680 823 1750 vallo
843 1678 949 1775 igneo
970 1673 1213 1766 circumfudit,

157 1790 205 1847 ue
229 1775 305 1866 quis
323 1778 506 1851 hominum
525 1778 567 1849 ad
590 1777 817 1870 diem'usque
832 1777 955 1869 iudicii
973 1775 1017 1848 ad
1035 1776 1157 1846 locum
1173 1774 1216 1845 il·
1287 1856 1290 1861 ¹

158 1872 231 1945 lum
250 1890 432 1968 perpetuae
449 1878 676 1949 beatitudinis
693 1884 885 1950 conaretur
900 1878 1067 1967 irrepere.
1117 1870 1215 1945 Tum

159 1967 279 2045 secuta
297 1973 348 2047 est
362 1975 545 2048 hominem
560 1997 655 2048 mors
673 1998 719 2049 ex
735 1976 805 2048 Dei
823 1974 1018 2061 sententia3
1045 1971 1215 2045 &tamen

105 2124 112 2155 .,
132 2088 136 2097 ·
158 2071 236 2145 vita
250 2073 350 2165 ejus,
376 2074 463 2145 licet
477 2077 683 2167 temporalis
705 2074 774 2148 else
790 2073 966 2167 coepisset,
991 2073 1028 2146 in
1042 2070 1138 2144 mille
1153 2091 1213 2142 an-

106 2176 108 2183 '
156 2172 213 2243 uis
236 2173 428 2247 terminum
450 2171 609 2266 sumpsit,
637 2174 670 2246 dc
694 2175 730 2246 id
756 2173 825 2247 fuit
843 2176 1005 2248 humane
1030 2171 1116 2242 vitae
1139 2166 1214 2261 spa·.
1246 2194 1249 2199 ⁴

156 2272 248 2343 tium
269 2292 383 2363 usque
399 2273 447 2344 ad
475 2274 677 2364 cataclysmi
701 2286 852 2367 tempus.
904 2272 1000 2346 Nam
1024 2266 1105 2363 post
1125 2268 1216 2341 dilu-

156 2369 259 2443 vium
280 2373 447 2462 paulatim
467 2374 544 2446 vita
563 2373 747 2448 hominum
765 2374 947 2462 breviata,
982 2370 1016 2443 dr
1034 2368 1078 2441 ad
1096 2388 1210 2440 annos

156 2482 303 2543 centurn
325 2470 453 2566 viginti
474 2470 612 2545 redadia
637 2471 698 2547 est
748 2472 903 2564 Serpens
925 2490 1017 2543 vero
1042 2469 1124 2558 ille,
1151 2466 1213 2559 qui

156 2569 203 2643 dc
225 2567 323 2641 fastis
348 2569 539 2662 diabolus,
572 2571 702 2661 idest,
737 2573 944 2645 criminator
969 2569 1044 2642 live
1070 2564 1217 2649 delator¹

156 2688 292 2743 nomen
317 2672 477 2760 accepit,
510 2692 587 2742 non
609 2670 744 2743 destitit
761 2668 878 2743 semen
899 2668 1079 2757 hominis,
1106 2687 1212 2756 quem

156 2756 369 2861 aprincipio
388 2768 597 2860 deceperat,
623 2767 797 2860 persequi.
847 2768 1014 2856 Denique
1027 2784 1129 2854 eum,
1150 2763 1212 2854 qui

154 2869 289 2961 primus
314 2867 352 2938 in
374 2867 448 2938 hoc
469 2868 559 2948 orbe
578 2881 768 2962 generatus
788 2866 858 2948 est,
890 2864 1059 2960 inspirato
1074 2863 1211 2956 liuore,

156 2967 195 3039 in
219 2965 349 3039 cadem
368 2965 494 3038 fratrisv
509 2967 679 3056 armavit,
715 2981 757 3037 ut
773 2967 816 3038 de
838 2966 978 3039 duobus
996 2963 1211 3057 primogeni-

154 3066 202 3141 tis
222 3066 423 3138 hominibus
445 3069 594 3139 alterum
616 3067 866 3160 extingueret,
903 3068 1051 3137 alterum
1073 3063 1211 3135 faceret

155 3165 379 3257 parricidam
437 3163 519 3236 Nec
545 3165 683 3255 quievit
707 3166 901 3258 deinceps,
929 3162 1118 3253 quominus
1143 3178 1208 3252 per

154 3265 304 3360 singulas
339 3265 587 3358 generationes
622 3261 825 3357 pedloribus
856 3265 1041 3338 hominum
1066 3259 1208 3333 malitiae

154 3365 255 3435 virus
270 3360 491 3454 infunderet,
511 3384 575 3435 eos
591 3377 859 3457 corrumperet,
878 3363 1112 3453 depravaret,
1128 3374 1209 3429 tan·
1293 3372 1297 3379 ·

153 3464 201 3537 tis
226 3462 378 3552 denique
398 3463 588 3535 sceleribus
612 3463 805 3552 obrueret,
838 3476 880 3533 ut
899 3459 1038 3552 justitiae
1059 3459 1130 3549 jam
1153 3476 1209 3527 ra·

153 3582 233 3636 turn
257 3558 343 3636 effer
360 3563 582 3655 exemplum,
602 3561 651 3633 dc
672 3558 840 3634 viverent
862 3561 1025 3634 homines
1045 3558 1116 3628 ritu
1134 3555 1209 3628 bel·

153 3663 302 3734 luarum.
1017 3680 1022 3697 ·

233 3759 343 3855 Quod
356 3758 457 3833 Deus
475 3780 555 3835 cum
570 3758 733 3852 videret,
755 3752 920 3855 Angelos
936 3756 1018 3829 suos
1034 3750 1143 3847 milit,
1165 3766 1209 3827 ut

153 3859 271 3929 vitam
295 3860 478 3931 hominnm
499 3862 731 3949 excolerent,
765 3880 901 3949 eosque
927 3856 969 3927 ab
992 3853 1088 3925 omni
1106 3856 1206 3935 malo
1283 3901 1285 3905 -

106 4030 107 4037 χ
155 3971 354 4031 tuerentur.
414 3959 477 4033 His
496 3958 699 4033 mandatum
721 3956 838 4050 dedit,
863 3970 905 4028 ut
923 3953 956 4027 se
975 3954 1125 4026 terrenis
1149 3952 1208 4022 ab·
1261 4036 1264 4041 Ι

156 4054 352 4154 stinerent,
383 4079 518 4156 nequa
545 4060 626 4134 labe
645 4057 837 4154 maculati,
868 4056 1015 4139 nonore
1031 4050 1221 4153 segeneo,

242 4202 246 4211 ·
668 4154 700 4235 B
730 4178 752 4257 3
927 4160 933 4173 “
991 4160 994 4165 ’
1033 4145 1191 4229 mulua-
