2775 4792
170 358 444 505 Leonum
468 407 688 513 Eerrjour
712 378 860 491 neutra.
884 374 1124 497 Iammura
1150 418 1202 511 59
1264 510 1267 515 Ι

137 589 275 649 aetema
294 571 326 645 δι
344 575 470 664 beata,
487 571 729 663 'hancutique
744 524 973 665 corporosem
988 592 1068 651 cum
1085 576 1201 667 omni·

91 756 92 761 q
138 668 210 749 bus
237 670 467 755 terraebonis
490 668 661 773 Justusssr
686 668 822 765 sapient
848 685 1081 761 contemnet,
1117 676 1201 765 quia

130 771 248 866 sciet,
269 774 411 864 qualea
423 770 569 857 Deofit
585 772 768 868 premium
784 785 1008 864 recepturus.
1057 771 1200 851 Tenea.

91 872 100 959 J'
138 894 217 949 mus
242 873 350 970 igitur
368 871 634 961 innocentiam
667 884 852 947 teneamus
864 868 1054 964 justitiam,
1080 870 1200 949 suber.

90 978 98 1031 ⁵-
138 984 216 1049 ‘mut
235 974 424 1069 imaginem
440 969 624 1064 stultitia,
649 985 692 1045 ut
710 991 834 1053 veram
855 970 1056 1065 sapientiam
1074 986 1202 1064 tenere
1228 1006 1232 1027 =

90 1350 98 1521 i

90 1614 95 1651 i

137 1071 317 1167 potimus.
370 1070 419 1144 Et
440 1072 466 1146 sr
488 1071 693 1147 hominibus
711 1071 874 1167 ineptum
892 1072 1036 1144 videtur
1059 1094 1101 1144 ac
1119 1071 1201 1145 stul·

138 1185 238 1271 tum,
253 1236 255 1241 .
271 1176 434 1264 torqueri
454 1172 488 1245 u
509 1173 603 1245 mori
619 1173 746 1267 malie,
773 1192 878 1265 quam
899 1172 1011 1245 libare
1034 1171 1138 1266 Diis,
1165 1172 1201 1247 bt

139 1272 338 1359 abiremne
360 1292 478 1362 noxa,
504 1292 573 1347 nor
598 1287 718 1347 tamen
743 1272 842 1347 omni
867 1272 1006 1345 virtute
1029 1273 1202 1362 omnique

136 1373 314 1466 patientia
335 1368 441 1447 fidem
460 1372 546 1453 Deo
570 1372 741 1447 exhibere
759 1372 922 1446 nitamur.
982 1369 1074 1446 Non
1100 1392 1200 1446 mort

136 1485 298 1562 terreat,
324 1493 401 1547 non
420 1474 528 1557 dolor
546 1471 711 1568 frangat,
739 1471 930 1564 quominus
950 1471 1059 1568 vigor
1077 1467 1199 1564 animi,

137 1570 176 1643 &
201 1568 398 1647 constantia
418 1571 627 1646 inconcussa
652 1571 827 1648 servetur.
879 1570 1018 1645 Stultos
1045 1586 1200 1663 vocent,
1279 1592 1291 1619 ·

90 1760 93 1769 ἢ
136 1670 335 1755 dummodo
349 1670 412 1765 ipsi
426 1672 493 1747 smt
507 1670 710 1764 stultissimi,
736 1672 897 1763 bacani,
925 1671 1201 1759 &hebetes-,bt

135 1771 335 1869 pecudibus
355 1774 529 1864 aequalem
555 1772 709 1866 quinon
725 1773 930 1868 intelligunt
949 1770 1017 1845 esse
1037 1762 1201 1845 mortise.

136 1888 239 1962 rum,
258 1869 384 1946 relisto
400 1871 486 1949 Deo
503 1874 617 1965 vivo,
638 1870 866 1966 prosternere
881 1869 916 1944 se
930 1886 1036 1962 atque
1052 1870 1202 1951 adorare

136 1982 303 2064 terrena3
329 1973 387 2062 qui
406 1969 594 2061 nesciunt,
622 1970 756 2043 &illos
777 1984 947 2043 aeternam
967 1988 1105 2063 poenam
1129 1992 1206 2043 ma·

136 2070 253 2163 norb,
287 2070 348 2161 qui
369 2065 540 2166 figmenta
561 2069 770 2144 insensibilia
792 2070 929 2145 fuerint
956 2070 1138 2160 venerati,
1166 2069 1203 2143 δι

138 2188 225 2262 eor,
248 2170 308 2262 qui
322 2190 391 2242 nec
408 2185 612 2263 tormenta,
632 2190 701 2245 nec
715 2184 870 2244 mortem
885 2188 952 2265 pro
971 2173 1072 2241 cultu
1085 2168 1119 2241 δι
1134 2171 1202 2243 ho·

137 2288 233 2343 nore
249 2270 327 2343 veri
346 2268 420 2343 Dei
436 2268 700 2363 recusaverint,
727 2270 839 2357 vitam
854 2283 1063 2363 perpetuam
1078 2267 1202 2343 conse·

138 2382 303 2445 tuturos.
354 2369 444 2444 Haec
464 2368 515 2444 est
534 2366 621 2444 fides
639 2369 792 2463 summa,
819 2370 896 2443 hec
913 2388 1001 2441 vera
1017 2368 1200 2463 sapientia,

138 2464 218 2555 haec
236 2467 392 2564 perfetta
406 2468 548 2562 justitia.
600 2469 704 2543 Nihil
724 2471 767 2543 nd
786 2490 855 2542 nos
873 2469 1023 2555 attinet,
1050 2468 1134 2558 quid
1145 2469 1203 2560 jn·
1255 2486 1258 2499 ·

116 2567 266 2661 -dicent
288 2568 409 2652 stulti,
435 2570 519 2660 quid
543 2571 756 2645 homunculi·
779 2568 941 2643 sentiant.
1005 2565 1089 2639 Nos
1109 2567 1204 2658 judi·

140 2669 237 2742 cium
260 2668 332 2740 Dei
357 2667 544 2760 expemare
568 2670 766 2757 debemus,
797 2687 840 2739 ιιι
864 2688 930 2744 eor
955 2664 1203 2760 postmodum,

140 2768 203 2863 qui
216 2765 264 2840 de
279 2769 384 2839 nobis
399 2768 663 2862 judicaverint,
683 2767 896 2859 judicemus.

433 3106 464 3181 C
488 3104 525 3180 A
543 3106 576 3182 'P
600 3106 639 3181 U
663 3106 700 3182 T
750 3104 909 3185 LVIII.
1010 3172 1013 3177 .

370 3271 422 3342 De
446 3293 521 3340 uero
545 3269 635 3340 cuitu
662 3230 729 3340 Dei
753 3264 793 3345 ss
811 3267 977 3361 sacrificio.

143 3467 270 3645 Diri
287 3467 331 3541 de
345 3465 497 3561 justitia,
515 3468 600 3560 quid
614 3465 712 3542 effer.
763 3466 930 3558 Sequitur
946 3482 988 3543 ut
1001 3464 1199 3559 ostendam,

239 3566 348 3659 quod
370 3566 412 3640 srt
430 3588 557 3643 verum
580 3565 789 3642 sacrificium
807 3568 901 3658 Dei,
927 3571 986 3659 qui
1011 3569 1052 3641 iit
1067 3566 1202 3658 justisi-

140 3689 222 3746 tnus
239 3670 327 3739 ritus
346 3668 511 3758 colendi,
538 3689 584 3740 ne
608 3669 684 3760 quis
706 3667 919 3757 arbitretur,
946 3682 1008 3740 aut
1022 3665 1198 3760 viennas,

142 3780 207 3843 aut
230 3765 384 3860 odores,
416 3782 478 3840 aut
501 3767 597 3840 dona
620 3764 775 3860 pretiosa
798 3766 984 3845 desiderari
1004 3788 1024 3837 a
1044 3764 1151 3860 Deo,
1179 3788 1207 3843 a.

143 3888 218 3963 quo
235 3865 541 3958 nfanes,s1-s1tis,
557 3866 582 3939 sr
596 3868 715 3964 algor,
741 3864 765 3939 fi
781 3886 899 3940 rerum
913 3866 1071 3961 ommium
1087 3882 1200 3940 terre·

140 3987 269 4047 narum
285 3969 455 4059 cupiditas
475 3964 591 4054 abest,
612 3986 695 4039 non
712 3987 800 4062 ergo
817 3967 930 4042 utitur
946 3966 1000 4039 his
1017 3969 1199 4059 omnibus,
1306 4023 1309 4030 .

122 4086 222 4168 ,ιιιιω
248 4066 391 4169 templis
413 4066 548 4163 diisque
575 4062 743 4143 flebilibus
761 4065 995 4143 inferuntur:
1029 4063 1094 4139 seo
1113 4065 1212 4137 snut.

604 4190 606 4199 ·
1040 4179 1185 4275 tutqo3
1272 4172 1278 4181 ¹
