2775 4792
97 385 101 397 ¹
249 406 473 512 muru
486 430 597 488 tmen
609 421 663 486 or
675 409 883 497 Mortuus
899 407 1107 486 Prnsrcur.
1140 430 1211 503 225

93 593 94 598 ‘
146 584 218 650 ret
265 568 376 647 Tunc
396 573 559 668 proxima
579 572 687 648 noste
706 571 849 646 Licinio
869 569 1062 664 quiescenti
1080 568 1212 646 adfistit

147 673 424 770 negeturne,
445 688 655 767 monemur
669 692 786 763 ocyus
804 670 983 766 surgeret,
1007 685 1115 763 atque
1127 689 1211 743 ora·

147 786 208 846 ret
231 771 348 846 Deum
374 770 544 846 summum
568 792 649 845 cum
673 774 771 845 omni
802 772 965 844 exercitu
996 770 1082 859 suo;
1108 769 1209 844 illius

146 868 230 946 sore
251 868 464 961 vitiorium,
498 869 523 942 fi
549 869 699 945 iecisset.
759 870 844 943 Post
868 872 929 942 has
951 890 1090 961 voces,
1125 889 1208 945 cum

93 967 94 972 ’
146 968 290 1066 surgere
303 968 364 1042 fibi
384 968 477 1042 visus
494 966 601 1061 esset,
628 969 758 1043 &cum
773 968 849 1060 ipso
866 971 925 1060 qui
938 969 1131 1064 monebat,
1149 968 1208 1041 ad·

93 1105 94 1112 ¹
143 1068 276 1159 staret,
303 1082 392 1141 tunc
410 1068 566 1142 docebat
580 1088 663 1143 eum
679 1069 867 1160 quomodo
887 1070 920 1141 δι
938 1069 1066 1160 quibus
1084 1070 1206 1140 verbis

94 1219 96 1228 ·
145 1165 235 1244 esset
258 1166 444 1242 orandum.
502 1165 666 1242 Discusso
692 1169 821 1242 deinde
844 1165 993 1260 somno,
1024 1168 1207 1242 notarium

140 1266 238 1361 J'ussit
262 1265 393 1361 acciri,
419 1265 772 1362 ostentassent,
798 1268 874 1340 haec
897 1269 1010 1341 verba
1035 1265 1207 1340 didiavit:

144 1370 275 1440 Summe
301 1369 416 1454 Deus,
449 1383 481 1438 rr
503 1392 653 1461 rogamus.
705 1367 824 1439 Saulse
847 1373 962 1450 Deus,
998 1383 1030 1439 te
1053 1388 1206 1460 rogamus.

146 1470 281 1537 Omnem
295 1463 457 1565 jusiitias»
477 1466 538 1537 rib·
553 1469 814 1554 commendamus,
834 1466 967 1555 salutem
987 1467 1122 1560 nostram
1143 1465 1206 1538 tibi

142 1568 405 1655 commendamur,
431 1560 745 1664 imperiumnoflrum
761 1571 821 1636 tili
836 1568 1090 1640 commendamus.
1143 1570 1205 1638 Per

144 1681 180 1740 re
195 1671 360 1756 vivimus,
381 1688 438 1764 per
460 1683 492 1738 te
513 1665 650 1738 pedores
669 1671 717 1760 U:
726 1665 837 1757 felices
858 1666 1025 1763 existimus.
1077 1670 1205 1738 Summe

135 1762 248 1859 [er
261 1762 368 1855 Drus',
392 1787 494 1859 preces
509 1766 628 1865 nostras
648 1768 774 1841 exaudi.
827 1766 969 1837 Brachia
985 1764 1093 1863 nostro
1109 1767 1151 1837 ad
1170 1783 1203 1837 re
1225 1761 1229 1768 ’

144 1867 313 1940 tertdimm.
374 1865 527 1953 Exaudi,
556 1865 667 1954 scsnfh
686 1868 804 1955 summe
835 1870 933 1937 oeus.
989 1865 1203 1938 Scribuntur

95 1993 97 1998 ·
141 1964 269 2038 hae'cin
286 1964 414 2037 libellis
430 1965 613 2058 pluribus,
629 1966 675 2037 ¹&
689 1987 754 2058 per
766 1963 982 2057 Praeposrtos
998 1961 1204 2036 Tribunos·

142 2063 441 2155 meminentes,
461 2077 503 2135 ut
517 2065 597 2153 suos
612 2065 761 2156 quisque
775 2065 906 2140 milites
921 2064 1063 2154 doceat.
1115 2059 1205 2140 Cre,-

137 2163 202 2235 vit
224 2162 361 2235 animus
380 2162 555 2236 universis
568 2189 596 2255 ,-
613 2163 811 2238 victoriam·
824 2163 886 2237 fibi
908 2162 1136 2236 credentibus
1156 2162 1204 2236 de

142 2262 237 2350 coelo
254 2264 464 2337 nuntiatam.
497 2310 500 2317 Δ
516 2261 649 2336 Statuit
662 2264 863 2356 Imperator
878 2264 1037 2356 praelium
1051 2261 1121 2336 diei
1128 2260 1203 2336 Ka·

139 2360 325 2456 letdarum
346 2360 547 2455 Maiarum,
574 2384 652 2456 quae
673 2362 840 2444 ottanum
865 2383 996 2446 anstrum
1018 2363 1203 2454 nuncupa·

142 2461 253 2534 tionis
273 2462 348 2553 ejus
367 2462 583 2553 implebant3
615 2477 657 2535 ut
678 2460 742 2535 suo
766 2460 977 2554 potiffimum
995 2462 1104 2534 natali
1123 2463 1224 2535 vin-¹

141 2575 306 2649 seretur,
331 2558 420 2631 sicut
438 2562 497 2633 ille
513 2559 628 2635 vidus
646 2561 697 2634 est
707 2562 846 2635 Romae.
897 2558 1116 2633 Maximinus
1132 2555 1203 2634 uo-
1282 2591 1284 2596 ·

139 2659 210 2735 luit
229 2646 354 2752 praeire
375 2662 564 2731 maturius:
592 2660 706 2751 pridie
724 2680 827 2734 mane
849 2661 960 2740 aciem
981 2656 1202 2756 composuit,

139 2773 184 2832 ut
198 2758 358 2832 ,natalem
378 2754 475 2831 suum
498 2757 668 2850 postridie
688 2757 806 2831 vietor
826 2760 1034 2831 celebraret.
1096 2756 1203 2832 Nun·

121 2858 252 2948 ¹riatur
264 2857 300 2929 in
316 2854 427 2929 cestra
439 2854 850 2934 movisse'Maximin'um.
898 2854 1054 2950 Cupiunt
1067 2857 1200 2952 milites
1230 2859 1234 2878 '

141 2978 262 3047 erma,
288 2958 505 3050 obviamque
522 2957 737 3053 procedunt.
772 2955 926 3052 Campus
944 2957 1118 3030 intererat
1132 2957 1202 3032 ste·
1221 3017 1225 3026 .

141 3056 215 3130 rilis
233 3075 275 3128 ac
292 3055 428 3149 nudus,
456 3078 558 3147 quem
577 3070 712 3132 vocant
725 3058 907 3132 Serenum.
959 3053 1009 3130 Et
1019 3050 1090 3149 jsm
1103 3053 1211 3131 ulra.

142 3177 213 3250 que
236 3154 330 3228 acies
350 3156 387 3228 in
407 3155 606 3249 conspetlu.
669 3156 842 3230 Liciniani
870 3154 967 3230 scuta
994 3156 1199 3250 deponunt,

141 3257 259 3355 galeas
275 3250 484 3344 resolvunt,
511 3257 554 3328 ad
570 3255 697 3330 coelum
709 3277 832 3329 manus
845 3255 1020 3348 tendunt,
1040 3274 1201 3351 praeeun-
1285 3273 1288 3280 ·

141 3357 237 3428 tibus
253 3351 474 3445 Praepositis,
497 3353 623 3446 &post
638 3354 891 3447 imperatorem
904 3374 1048 3448 precem
1062 3354 1199 3428 dicunt.

142 3452 258 3528 Audit
277 3454 369 3525 acies
387 3454 543 3544 peritura
562 3454 783 3550 precantium
798 3474 963 3530 murmur.
1014 3453 1091 3544 Illi,
1118 3472 1200 3524 ora·

141 3556 246 3624 tione
261 3571 317 3625 ter
334 3549 451 3643 disis,
478 3553 615 3624 virtute
632 3553 704 3644 jam
727 3555 848 3647 pleni,
874 3553 1058 3645 reponunt
1076 3551 1200 3646 capiti·

143 3651 375 3744 bus-galeas,
408 3649 506 3725 scuta
530 3653 675 3729 tollunt.
727 3653 935 3727 Procedunt
958 3653 1199 3743 imperatores

143 3751 188 3826 ad
203 3749 434 3838 colloquium.
485 3741 514 3823 F
515 3753 589 3831 erri
605 3771 681 3825 non
702 3755 823 3846 potuit
841 3751 1057 3825 Maximinus
1079 3748 1121 3820 ad
1136 3771 1200 3843 pa·
1224 3783 1226 3787 ¹

142 3868 234 3924 cern.
298 3845 563 3928 contemnebat
591 3852 685 3925 enirn
713 3853 916 3942 Licinium,
953 3867 994 3919 ec
1023 3847 1198 3922 desertum

140 3949 186 4022 iri
203 3967 223 4017 a
237 3941 405 4022 militibus
422 3949 663 4041 existimabat,¹
678 3952 775 4041 quod
790 3953 848 4022 ille
864 3948 950 4021 esset
961 3949 998 4019 in
1013 3946 1196 4044 largiendo

107 4059 113 4082 ‘
140 4062 278 4135 tenax,
303 4043 375 4138 ipse
401 4063 519 4122 autem
544 4049 734 4146 profusum
768 4070 886 4142 eoque
911 4049 1099 4143 puopofito
1120 4066 1198 4120 mo·

189 4145 350 4232 Latiaor.
371 4140 458 4230 Tem.
472 4151 519 4224 Is.
753 4146 780 4225 P
1054 4154 1175 4216 uersi·

642 4463 654 4479 .
749 4441 942 4479 A».
1067 4435 1073 4443 ’
