2775 4792
109 376 238 499 ’144
382 374 390 384 ’
472 378 923 491 CrcrrFrarrtarrr

404 542 470 605 -'
589 560 792 653 arma

441 679 994 781 serenitati

168 801 282 884 Nulla
305 801 393 881 mihi
417 815 516 879 certa
540 801 617 898 est,
641 802 741 883 nulla
764 800 817 877 est
838 788 1027 900 peregrina
1048 796 1178 902 figura.

168 903 306 1002 Fuigor
326 899 418 979 inest
440 902 537 977 intua
562 901 724 976 radianti
739 902 824 977 luce
847 900 1052 994 cursitans,
1223 928 1226 933 ·

167 1006 248 1105 ¹Qui
270 1002 360 1082 nihil
383 999 563 1100 ostendit,
587 1001 651 1077 aiii
676 1002 704 1093 ii
726 1001 815 1096 quid
838 996 973 1079 viderit
996 1015 1093 1079 ante.
1242 1066 1263 1099 ,.

622 1159 775 1240 LXIX.

443 1276 948 1357 CLEPSYDRA.
1082 1329 1086 1337 -

105 1462 116 1477 κ
161 1403 251 1491 ’.ιρι
273 1402 373 1475 bona
397 1398 559 1497 dicendi,
591 1401 652 1475 lex
676 1399 753 1483 sum
776 1422 899 1495 quoqu
947 1399 1035 1475 dura
1058 1401 1219 1499 tacendi,

170 1498 236 1581 Do
256 1496 390 1597 'lingtrae
412 1497 538 1581 frenos
565 1500 679 1575 avidae
704 1503 778 1577 fine
800 1497 873 1575 tine
896 1424 1093 1593 quuendi3

81 1681 84 1688 ,
108 1663 112 1672 .
171 1584 252 1698 ipit
274 1598 416 1696 fluens,
440 1600 523 1677 dum
547 1602 662 1713 yerba
684 1599 826 1698 fluunt,
849 1601 1038 1736 utxlingua
1060 1596 1227 1723 quiescat

487 1738 490 1744 ’
633 1736 766 1855 ixa

533 1876 862 1959 edient

174 1998 293 2079 Mersa
316 2001 447 2099 procul
469 2003 575 2077 terris
599 2001 637 2076 in
664 1986 797 2096 ceIpite
821 1999 967 2095 lympha
989 1997 1179 2096 profunde

173 2099 329 2177 Nonnifi
352 2101 512 2195 perfoffis
536 2098 677 2193 possum
701 2102 900 2195 procedere
924 2103 1043 2183 terris,
1095 2171 1097 2174 ,

174 2197 226 2274 Et
249 2200 377 2274 trahor
400 2200 445 2274 ad
468 2197 616 2293 superos
641 2200 762 2276 alieno
789 2198 892 2276 ducta
914 2200 1052 2277 labore.

463 2400 465 2405 ·
623 2357 784 2436 Lxm.

567 2475 871 2574 ruada-

177 2596 365 2691 Trutrcum
389 2608 486 2673 terra
510 2600 623 2696 tegit,
653 2598 857 2674 latitantia
884 2595 1227 2693 cespite'lymphaea·

177 2699 319 2772 Alveus
345 2697 397 2773 est
421 2698 608 2791 modicus,
635 2698 698 2791 qui
720 2699 814 2795 ripas
839 2718 916 2771 non
941 2699 1050 2772 habet
1074 2701 1181 2778 ullas.

177 2793 222 2874 In
244 2800 344 2897 ligno
370 2800 516 2878 vehitur
539 2797 687 2892 medio,
715 2799 814 2892 quod
838 2798 937 2896 ligno
961 2797 1135 2877 vehebat.

615 2956 797 3033 LXXII.

551 3071 582 3149 F
608 3073 702 3149 O.L
726 3074 758 3150 L
783 3075 801 3151 I
824 3076 860 3153 S.

98 3254 101 3258 .
180 3193 272 3272 Non
298 3213 367 3292 ego
393 3194 568 3270 continuo
593 3196 751 3285 morior,
777 3196 864 3286 dum
885 3195 1025 3291 spiritus
1049 3198 1147 3276 exite

180 3292 277 3371 Nam
299 3294 394 3368 redit
418 3293 562 3376 affidue,
588 3297 863 3387 quamvis2nrihi
884 3296 974 3391 sape
998 3300 1150 3379 recedit.

156 3396 159 3403 '
180 3391 232 3486 Et
245 3395 332 3473 milti
347 3415 445 3469 nunc
459 3414 585 3492 magna
602 3392 817 3492 estanimae,
847 3417 945 3474 nunc
958 3400 1056 3474 nulla
1069 3399 1234 3482 facultas.

610 3553 804 3632 LXXIII.

582 3671 615 3748 L
641 3672 678 3746 A
702 3673 729 3748 P
754 3674 772 3750 I
796 3673 831 3752 S.

181 3791 417 3871 Deucalionis
442 3815 512 3893 ego
537 3795 674 3873 crudeli
699 3792 817 3888 sospes
842 3798 879 3871 in
903 3795 1012 3892 unda,

182 3886 310 3970 Affinis
335 3909 461 3989 terre,
486 3892 547 3970 sed
570 3895 679 3992 longe
705 3894 828 3968 durior
850 3896 921 3972 illa.

181 3988 322 4071 Littera
340 3995 507 4072 decedat:
534 3995 696 4071 volucrit
713 4015 858 4088 quoque
874 4016 1010 4087 acmen
1028 3995 1203 4089 habebo.·.

990 4133 1192 4226 LXXIV·
