2775 4792
189 421 698 506 urorum-umore
721 417 1135 510 murmirsrr'rnr.
1168 447 1221 523 53.

108 607 113 656 ῖ
153 610 243 665 men
261 593 331 683 ejus
349 591 386 664 in
403 591 511 664 nobis
528 588 807 685 persequuntur,
833 608 903 682 nec
917 607 980 682 re,
1004 608 1073 661 nec
1094 588 1215 665 verbo

154 710 415 785 repugnamus3
450 689 509 764 sed
527 692 652 783 mites,
678 689 712 764 br
734 691 853 782 taciti,
881 689 915 762 ἃ
939 688 1114 781 patientes
1134 709 1215 785 per-

156 788 303 863 ferimus
326 792 702 881 omnia'quaecumque
726 787 893 863 adversus
910 808 978 861 nos
999 788 1118 880 potest
1135 810 1215 864 cru·

155 889 282 962 delites
300 890 505 964 machinari.
556 888 738 963 Habemus
760 891 854 963 eninr
876 885 1044 962 fiduciam
1060 890 1097 988 in
1113 888 1213 984 Deo,

108 1031 110 1074 ³
157 985 266 1080 aquo
284 987 508 1081 expestamus
525 986 721 1062 secuturam
737 989 903 1084 protinus
917 989 1106 1064 ultionem.
1131 987 1168 1060 N
1171 1011 1214 1062 ec

108 1095 111 1188 ζ
155 1086 210 1162 est
226 1089 340 1160 inanis
361 1087 422 1160 ista
440 1085 585 1164 fiducia:
610 1087 778 1188 siquidem
799 1109 926 1162 eorum
945 1090 1126 1180 omniurn,
1154 1089 1214 1178 qui

153 1187 233 1261 hoc
248 1185 385 1260 facinus
406 1185 591 1279 subsunt,
614 1187 829 1262 miserabiles
849 1188 964 1260 exitus
981 1189 1110 1279 partim
1129 1207 1211 1283 cog·

109 1307 111 1314 ·
154 1287 350 1376 novimus,
373 1279 482 1377 par'im
497 1285 669 1363 videmus.
705 1288 788 1361 Nec
803 1289 895 1360 ullus
912 1287 1038 1359 habuit
1052 1287 1213 1380 impune,

156 1385 262 1477 quod
280 1383 395 1458 Deum
413 1387 515 1475 iaefit3
544 1387 653 1478 &qui
674 1387 716 1460 srt
737 1409 845 1460 verus
864 1386 987 1481 Deus,
1013 1387 1073 1478 qui
1092 1388 1212 1461 verbo

155 1482 294 1557 discere
305 1486 422 1558 noluit
432 1539 447 1576 ‚-
471 1486 644 1580 supplicio
661 1487 725 1560 suo
741 1487 875 1562 didicit.
1160 1551 1163 1558 .

233 1583 370 1657 Vellem
386 1584 491 1674 scire,
519 1608 600 1658 cum
613 1586 752 1659 invitos
767 1587 914 1683 adigunt
930 1585 972 1658 ad
986 1581 1211 1680 sacrificium,

156 1682 245 1774 quid
260 1680 376 1757 secum
394 1688 549 1759 habeant
565 1688 734 1776 rationis,
761 1702 821 1759 aut
835 1688 893 1759 cui
906 1684 1093 1781 praestent,
1113 1687 1212 1777 quod

154 1781 302 1888 faciunq
354 1784 390 1856 Si
411 1785 517 1879 Diis,
541 1807 617 1859 non
641 1786 691 1860 est
710 1788 770 1860 iile
793 1788 932 1878 cultus,
958 1807 1027 1858 nec
1050 1798 1213 1877 accepta-

154 1883 230 1956 bile
244 1880 472 1962 sacrificium‚
500 1886 597 1975 quod
611 1883 653 1958 fit
664 1888 832 1981 ingratis,
859 1885 957 1984 quod
973 1898 1211 1975 extorquetur

154 2001 221 2075 per
238 1982 423 2074 injuriam,
451 1985 550 2074 quod
572 1988 707 2056 eruitur
727 2005 791 2078 per
811 1985 989 2072 dolorem.
1040 1983 1077 2055 Si
1094 1997 1213 2058 autem

154 2081 259 2174 ipsis,
280 2101 371 2174 quos
385 2096 541 2177 cogunt,
563 2105 638 2155 non
655 2082 706 2157 est
720 2086 842 2175 utique
856 2080 1094 2176 beneficium,
1113 2083 1212 2175 quod

156 2181 235 2273 quis
252 2202 299 2252 ne
313 2182 484 2275 accipiat,
510 2182 616 2255 etiam
629 2185 722 2257 mori
737 2185 886 2258 mavult.
937 2182 972 2255 Si
986 2185 1212 2257 bonum-non

154 2280 230 2360 est,
258 2278 301 2352 ad
320 2283 417 2371 quod
434 2303 492 2355 me
512 2282 651 2357 vocas?
677 2285 849 2358 cermalo
866 2281 1028 2355 invitas?
1055 2302 1120 2380 cur
1133 2302 1211 2357 non

153 2380 302 2472 verbis,
329 2380 387 2455 sed
414 2384 644 2475 verberibus,
671 2405 734 2458 cur
757 2405 834 2458 non
856 2382 1021 2475 ratione,
1054 2380 1113 2455 sed
1132 2402 1210 2454 cru·

154 2480 311 2551 ciatibus
339 2482 532 2574 corporis?
566 2483 675 2557 Unde
694 2496 842 2578 apparet
862 2482 993 2555 malum
1015 2478 1085 2553 effe
1107 2480 1209 2572 iliud,

155 2580 200 2652 ad
225 2578 323 2670 quod
347 2601 423 2653 non
447 2583 551 2659 illicis
576 2588 794 2674 volentem,
830 2580 890 2653 sed
917 2580 1025 2653 trahis
1048 2579 1211 2651 recusan-

154 2692 241 2753 tem.
289 2681 379 2777 Quae
395 2679 541 2752 stultitia
558 2680 627 2772 est,
649 2680 835 2753 consulere
850 2682 944 2751 velie
955 2677 1122 2751 nolenti?
1148 2676 1211 2750 An

153 2778 342 2870 nmquis,
368 2779 612 2871 prementibus
631 2781 729 2852 malis
741 2831 753 2870 ,
765 2801 768 2806 ·
781 2778 823 2849 ad
840 2791 995 2851 mortem
1012 2774 1211 2871 confugere

154 2893 331 2967 conatur,
357 2898 442 2952 num
463 2875 591 2972 potes,
617 2879 721 2953 srabt
738 2876 890 2973 gladium
909 2875 1122 2967 extorseris,
1148 2888 1211 2950 eut

152 2979 319 3072 laqueum
341 2978 505 3071 ruperis,
533 2992 594 3049 eut
612 2978 811 3071 praecipitio
828 2977 1043 3069 retraxeris3
1070 2989 1131 3050 aut
1148 2983 1211 3050 ve·

153 3098 289 3152 nenum
303 3077 490 3169 effuderis,
518 3076 812 3150 conservatorem
827 3091 864 3150 te
880 3076 1034 3149 hominis
1048 3077 1210 3172 gloriari,

152 3197 237 3250 cum
258 3179 340 3270 ilie,
360 3199 472 3267 quem
490 3175 641 3250 servasse
662 3193 701 3250 te
723 3173 847 3269 putas,
872 3195 941 3248 nec
966 3179 1092 3273 gratias
1115 3191 1209 3271 agat,

153 3277 189 3350 &
208 3290 246 3348 te
260 3278 351 3348 male
369 3274 486 3350 secum
501 3277 692 3349 arbitretur
711 3274 834 3371 egisse,
860 3275 958 3366 quod
975 3293 1129 3349 mortem
1147 3275 1210 3346 srbi
1262 3357 1267 3368 ¹

152 3377 385 3472 prohibueris
408 3390 592 3468 optatam,
620 3376 718 3466 quod
741 3377 785 3447 ad
809 3372 939 3467 finem,
967 3378 1063 3466 quod
1087 3374 1129 3445 ari
1151 3392 1210 3443 re·

153 3478 274 3567 quiem
293 3477 467 3548 malorum
486 3477 677 3567 pervenire
696 3496 771 3548 non
788 3472 957 3548 sinueris?
989 3470 1211 3547 Beneficium

154 3577 251 3649 enim
268 3598 343 3647 non
360 3596 405 3647 ex
425 3576 593 3665 qualitate
614 3577 665 3648 rei
687 3575 816 3665 debet,
842 3571 900 3666 sed
919 3596 964 3647 ex
980 3577 1099 3650 animo
1117 3569 1208 3666 ejus,

154 3678 216 3766 qni
236 3674 387 3769 accipit,
414 3674 616 3766 ponderari.
667 3674 739 3746 Cur
756 3695 823 3768 pro
842 3670 1023 3747 beneficio
1043 3671 1209 3761 imputes,

108 3801 111 3816 ·
155 3775 257 3866 quod
273 3775 356 3847 mihi
371 3770 582 3846 maleficium
595 3772 669 3847 est‘i
698 3774 762 3845 Vis
779 3797 836 3847 me
850 3774 952 3845 Deos
969 3786 1053 3841 tuos
1071 3772 1209 3863 colere,

153 3874 256 3965 quod
274 3894 341 3966 ego
357 3874 442 3945 milri
459 3872 680 3947 mortiferum
698 3873 804 3947 duco.
841 3869 875 3943 Si
891 3874 1025 3942 bonum
1043 3866 1113 3961 est,
1132 3890 1209 3941 non

151 3973 319 4045 invideo.
364 3972 497 4045 Fruere
513 3972 607 4045 solus
623 3977 723 4047 bono
738 3989 817 4056 tuo,
861 3969 949 4040 Non
967 3968 1127 4062 estquod
1148 3989 1210 4038 νει
1260 3976 1262 3979 ’

152 4074 196 4150 iis
212 4071 330 4145 errori
342 4093 425 4147 meo
439 4071 656 4166 succurrere,
676 4091 781 4163 quem
799 4067 937 4162 judicio
955 4090 996 4144 ac
1016 4071 1211 4244 sgolzunrate
1269 4124 1275 4136 ,

221 4194 227 4200 ·
650 4169 738 4266 D3
1042 4186 1188 4261 uceqx.

943 4451 992 4486 irs-
